Transaction_Date,Transaction_ID,TranDesc,ExtDesc,Description,Fee,Amount,Other_Charges,Balance,Post_Date,Check_Number
10/18/2011 16:58,ID2500,New Account Deposit,,New Account Deposit ,,0.25,,0.25,10/18/2011 0:00,
10/18/2011 17:15,ID2501,ATM Inquiry   ,FIRST TECH 8700 SW NIMBUS AVE     BEAVERTON    ORUS,ATM Inquiry    FIRST TECH 8700 SW NIMBUS AVE     BEAVERTON    ORUS,,0,,0.25,10/19/2011 0:00,
12/21/2011 3:18,ID2502,ACH Deposit,PAYPAL VERIFYBANK - VERIFYBANK,ACH Deposit PAYPAL VERIFYBANK - VERIFYBANK,,0.13,,0.38,12/21/2011 0:00,
12/21/2011 3:18,ID2503,ACH Deposit,PAYPAL VERIFYBANK - VERIFYBANK,ACH Deposit PAYPAL VERIFYBANK - VERIFYBANK,,0.03,,0.41,12/21/2011 0:00,
12/22/2011 3:16,ID2504,ACH Deposit,PAYPAL TRANSFER - TRANSFER,ACH Deposit PAYPAL TRANSFER - TRANSFER,,5,,5.41,12/22/2011 0:00,
1/3/2012 4:04,ID2505,ACH Debit,PAYPAL TRANSFER - TRANSFER,ACH Debit PAYPAL TRANSFER - TRANSFER,,-5,,0.41,1/3/2012 0:00,
1/9/2012 15:06,ID2506,Deposit,,Deposit ,,1650,,1650.41,1/9/2012 0:00,
1/10/2012 18:20,ID2507,ATM Inquiry   ,BANK OF AMERICA *HAGGEN TUALATIN       TUALATIN     ORUS,ATM Inquiry    BANK OF AMERICA *HAGGEN TUALATIN       TUALATIN     ORUS,,0,,1650.41,1/11/2012 0:00,
1/10/2012 18:36,ID2508,POS Transaction,HAGGEN FOOD AND PH 8515 SW TUALATIN-S     TUALATIN     ORUS,POS Transaction HAGGEN FOOD AND PH 8515 SW TUALATIN-S     TUALATIN     ORUS,,-9.37,,1641.04,1/11/2012 0:00,
1/17/2012 15:08,ID2509,POS Transaction,7-ELEVEN 6000 S.W. HALL BLV     BEAVERTON    ORUS,POS Transaction 7-ELEVEN 6000 S.W. HALL BLV     BEAVERTON    ORUS,,-16.08,,1624.96,1/18/2012 0:00,
1/17/2012 19:04,ID2510,POS Transaction,FRED MEYER 393         TUALATIN     ORUS,POS Transaction  FRED MEYER 393         TUALATIN     ORUS,,-3.43,,1621.53,1/18/2012 0:00,
1/20/2012 15:41,ID2511,POS Transaction,HAGGEN FOOD AND PH 8515 SW TUALATIN-S     TUALATIN     ORUS,POS Transaction HAGGEN FOOD AND PH 8515 SW TUALATIN-S     TUALATIN     ORUS,,-15.5,,1606.03,1/21/2012 0:00,
1/20/2012 19:29,ID2512,POS Transaction,VALVE SOFTWARE         425-8899642  WAUS,POS Transaction  VALVE SOFTWARE         425-8899642  WAUS,,-19.99,,1586.04,1/21/2012 0:00,
1/21/2012 19:38,ID2513,POS Transaction,CARLS JR #7159    Q15 TUALATIN     ORUS,POS Transaction  CARLS JR #7159    Q15 TUALATIN     ORUS,,-8.18,,1577.86,1/22/2012 0:00,
1/23/2012 11:44,ID2514,POS Transaction,TACO BELL #3163        TUALATIN     ORUS,POS Transaction  TACO BELL #3163        TUALATIN     ORUS,,-7.66,,1570.2,1/23/2012 0:00,
1/24/2012 7:21,ID2515,IAT Withdrawal,Co entry IAT PAYPAL Ind ID # 4U4J25K3MCBWY   Originator Name GILL RICHARDSON,IAT Withdrawal Co entry IAT PAYPAL Ind ID # 4U4J25K3MCBWY   Originator Name GILL RICHARDSON,,-4.38,,1565.82,1/24/2012 0:00,
1/25/2012 3:59,ID2516,POS Transaction,BEAVERTON DQ #16068    BEAVERTON    ORUS,POS Transaction  BEAVERTON DQ #16068    BEAVERTON    ORUS,,-6.59,,1559.23,1/25/2012 0:00,
1/25/2012 11:03,ID2517,POS Transaction,TACO BELL #3163        TUALATIN     ORUS,POS Transaction  TACO BELL #3163        TUALATIN     ORUS,,-10.65,,1548.58,1/25/2012 0:00,
1/30/2012 15:17,ID2518,POS Transaction,PLAID PANTRY #016 19405 SW BOONES FERRY RTUALATIN     ORUS,POS Transaction PLAID PANTRY #016 19405 SW BOONES FERRY RTUALATIN     ORUS,,-10.11,,1538.47,1/31/2012 0:00,
1/31/2012 20:01,ID2519,Credit Dividend,,Credit Dividend ,,0.05,,1538.52,1/31/2012 0:00,
1/31/2012 22:51,ID2520,POS Transaction,MCDONALDS F5957       TUALATIN     ORUS,POS Transaction  MCDONALDS F5957       TUALATIN     ORUS,,-8.65,,1529.87,2/1/2012 0:00,
2/8/2012 4:11,ID2521,POS Transaction,BEAVERTON DQ #16068    BEAVERTON    ORUS,POS Transaction  BEAVERTON DQ #16068    BEAVERTON    ORUS,,-10.58,,1519.29,2/8/2012 0:00,
2/9/2012 16:07,ID2522,POS Transaction,FRED MEYER 393         TUALATIN     ORUS,POS Transaction  FRED MEYER 393         TUALATIN     ORUS,,-21.34,,1497.95,2/10/2012 0:00,
2/10/2012 17:26,ID2523,POS Transaction,FRED MEYER 040         PORTLAND     ORUS,POS Transaction  FRED MEYER 040         PORTLAND     ORUS,,-14.17,,1483.78,2/11/2012 0:00,
2/15/2012 11:38,ID2524,POS Transaction,TACO BELL #3163        TUALATIN     ORUS,POS Transaction  TACO BELL #3163        TUALATIN     ORUS,,-5.55,,1478.23,2/15/2012 0:00,
2/18/2012 0:29,ID2525,POS Transaction,VALVE SOFTWARE         425-8899642  WAUS,POS Transaction  VALVE SOFTWARE         425-8899642  WAUS,,-4.78,,1473.45,2/18/2012 0:00,
2/21/2012 8:08,ID2526,ACH Debit,PAYPAL INSTANT TRANSFER - INST XFER,ACH Debit PAYPAL INSTANT TRANSFER - INST XFER,,-17,,1456.45,2/21/2012 0:00,
2/28/2012 0:48,ID2527,POS Transaction,STARBUCKS CORP00106963 TUGARD       ORUS,POS Transaction  STARBUCKS CORP00106963 TUGARD       ORUS,,-6.5,,1449.95,2/28/2012 0:00,
2/28/2012 11:22,ID2528,POS Transaction,TACO BELL #3163        TUALATIN     ORUS,POS Transaction  TACO BELL #3163        TUALATIN     ORUS,,-7.96,,1441.99,2/28/2012 0:00,
2/29/2012 4:58,ID2529,POS Transaction,BEAVERTON DQ #16068    BEAVERTON    ORUS,POS Transaction  BEAVERTON DQ #16068    BEAVERTON    ORUS,,-11.08,,1430.91,2/29/2012 0:00,
2/29/2012 20:02,ID2530,Credit Dividend,,Credit Dividend ,,0.06,,1430.97,2/29/2012 0:00,
3/7/2012 3:42,ID2531,POS Transaction,BEAVERTON DQ #16068    BEAVERTON    ORUS,POS Transaction  BEAVERTON DQ #16068    BEAVERTON    ORUS,,-9.49,,1421.48,3/7/2012 0:00,
3/7/2012 17:32,ID2532,POS Transaction,HAGGEN FOOD AND PH 8515 SW TUALATIN-S     TUALATIN     ORUS,POS Transaction HAGGEN FOOD AND PH 8515 SW TUALATIN-S     TUALATIN     ORUS,,-3.34,,1418.14,3/8/2012 0:00,
3/7/2012 18:09,ID2533,POS Transaction,SLIDEROOM.COM/CHARGE   000-0000000  TXUS,POS Transaction  SLIDEROOM.COM/CHARGE   000-0000000  TXUS,,-10,,1408.14,3/8/2012 0:00,
3/8/2012 21:19,ID2534,POS Transaction,VALVE SOFTWARE         425-8899642  WAUS,POS Transaction  VALVE SOFTWARE         425-8899642  WAUS,,-10.19,,1397.95,3/9/2012 0:00,
3/9/2012 15:21,ID2535,POS Transaction,HAGGEN FOOD AND PH 8515 SW TUALATIN-S     TUALATIN     ORUS,POS Transaction HAGGEN FOOD AND PH 8515 SW TUALATIN-S     TUALATIN     ORUS,,-28.83,,1369.12,3/10/2012 0:00,
3/11/2012 0:10,ID2536,POS Transaction,CARLS JR #7159    Q15 TUALATIN     ORUS,POS Transaction  CARLS JR #7159    Q15 TUALATIN     ORUS,,-10.29,,1358.83,3/11/2012 0:00,
3/13/2012 18:38,ID2537,POS Transaction,FRED MEYER 393         TUALATIN     ORUS,POS Transaction  FRED MEYER 393         TUALATIN     ORUS,,-7.38,,1351.45,3/14/2012 0:00,
3/14/2012 7:20,ID2538,POS Transaction,BEAVERTON DQ #16068    BEAVERTON    ORUS,POS Transaction  BEAVERTON DQ #16068    BEAVERTON    ORUS,,-12.47,,1338.98,3/14/2012 0:00,
3/26/2012 20:46,ID2539,POS Transaction,VALVE SOFTWARE         425-8899642  WAUS,POS Transaction  VALVE SOFTWARE         425-8899642  WAUS,,-9.99,,1328.99,3/27/2012 0:00,
3/30/2012 17:57,ID2540,POS Transaction,FRED MEYER 393         TUALATIN     ORUS,POS Transaction  FRED MEYER 393         TUALATIN     ORUS,,-4.68,,1324.31,3/31/2012 0:00,
3/31/2012 12:12,ID2541,POS Transaction,TACO BELL #15347       TIGARD       ORUS,POS Transaction  TACO BELL #15347       TIGARD       ORUS,,-15.11,,1309.2,3/31/2012 0:00,
3/31/2012 17:00,ID2542,Credit Dividend,,Credit Dividend ,,0.06,,1309.26,3/31/2012 0:00,
4/1/2012 19:40,ID2543,POS Transaction,CARLS JR #8104        TIGARD       ORUS,POS Transaction  CARLS JR #8104        TIGARD       ORUS,,-7.78,,1301.48,4/2/2012 0:00,
4/3/2012 18:16,ID2544,POS Transaction,HAGGEN FOOD AND PH 8515 SW TUALATIN-S     TUALATIN     ORUS,POS Transaction HAGGEN FOOD AND PH 8515 SW TUALATIN-S     TUALATIN     ORUS,,-3.98,,1297.5,4/4/2012 0:00,
4/4/2012 4:59,ID2545,POS Transaction,BEAVERTON DQ #16068    BEAVERTON    ORUS,POS Transaction  BEAVERTON DQ #16068    BEAVERTON    ORUS,,-14.07,,1283.43,4/4/2012 0:00,
4/5/2012 17:02,ID2546,POS Transaction,FRED MEYER 040         PORTLAND     ORUS,POS Transaction  FRED MEYER 040         PORTLAND     ORUS,,-7.79,,1275.64,4/6/2012 0:00,
4/6/2012 4:23,ID2547,POS Transaction,KFC # 080026           PORTLAND     ORUS,POS Transaction  KFC # 080026           PORTLAND     ORUS,,-10.88,,1264.76,4/6/2012 0:00,
4/7/2012 12:30,ID2548,POS Transaction,TACO BELL #3163        TUALATIN     ORUS,POS Transaction  TACO BELL #3163        TUALATIN     ORUS,,-8.36,,1256.4,4/7/2012 0:00,
4/10/2012 2:07,ID2549,POS Transaction,CHIPOTLE 1015          TUALATIN     ORUS,POS Transaction  CHIPOTLE 1015          TUALATIN     ORUS,,-20.05,,1236.35,4/10/2012 0:00,
4/10/2012 18:27,ID2550,POS Transaction,HAGGEN FOOD AND PH 8515 SW TUALATIN-S     TUALATIN     ORUS,POS Transaction HAGGEN FOOD AND PH 8515 SW TUALATIN-S     TUALATIN     ORUS,,-16.25,,1220.1,4/11/2012 0:00,
4/11/2012 4:24,ID2551,POS Transaction,BEAVERTON DQ #16068    BEAVERTON    ORUS,POS Transaction  BEAVERTON DQ #16068    BEAVERTON    ORUS,,-10.08,,1210.02,4/11/2012 0:00,
4/18/2012 4:30,ID2552,POS Transaction,BEAVERTON DQ #16068    BEAVERTON    ORUS,POS Transaction  BEAVERTON DQ #16068    BEAVERTON    ORUS,,-11.98,,1198.04,4/18/2012 0:00,
4/25/2012 6:22,ID2553,POS Transaction,BEAVERTON DQ #16068    BEAVERTON    ORUS,POS Transaction  BEAVERTON DQ #16068    BEAVERTON    ORUS,,-11.17,,1186.87,4/25/2012 0:00,
4/30/2012 20:45,ID2554,Credit Dividend,,Credit Dividend ,,0.05,,1186.92,4/30/2012 0:00,
5/1/2012 11:52,ID2555,POS Transaction,TACO BELL #3163        TUALATIN     ORUS,POS Transaction  TACO BELL #3163        TUALATIN     ORUS,,-11.24,,1175.68,5/1/2012 0:00,
5/1/2012 18:50,ID2556,POS Transaction,HAGGEN FOOD AND PH 8515 SW TUALATIN-S     TUALATIN     ORUS,POS Transaction HAGGEN FOOD AND PH 8515 SW TUALATIN-S     TUALATIN     ORUS,,-13.18,,1162.5,5/2/2012 0:00,
5/9/2012 4:03,ID2557,POS Transaction,BEAVERTON DQ #16068    BEAVERTON    ORUS,POS Transaction  BEAVERTON DQ #16068    BEAVERTON    ORUS,,-11.17,,1151.33,5/9/2012 0:00,
5/16/2012 21:14,ID2558,POS Transaction,AMAZON.COM             SEATTLE      WAUS,POS Transaction  AMAZON.COM             SEATTLE      WAUS,,-220.65,,930.68,5/17/2012 0:00,
5/19/2012 0:22,ID2559,POS Transaction,AMAZON.COM             SEATTLE      WAUS,POS Transaction  AMAZON.COM             SEATTLE      WAUS,,-15.63,,915.05,5/19/2012 0:00,
5/22/2012 18:40,ID2560,POS Transaction,FRED MEYER 393         TUALATIN     ORUS,POS Transaction  FRED MEYER 393         TUALATIN     ORUS,,-24.45,,890.6,5/23/2012 0:00,
5/23/2012 4:03,ID2561,POS Transaction,BEAVERTON DQ #16068    BEAVERTON    ORUS,POS Transaction  BEAVERTON DQ #16068    BEAVERTON    ORUS,,-10.78,,879.82,5/23/2012 0:00,
5/30/2012 3:59,ID2562,ACH Debit,PAYPAL INSTANT TRANSFER - INST XFER,ACH Debit PAYPAL INSTANT TRANSFER - INST XFER,,-136,,743.82,5/30/2012 0:00,
5/30/2012 12:02,ID2563,POS Transaction,TACO BELL #2253        BEAVERTON    ORUS,POS Transaction  TACO BELL #2253        BEAVERTON    ORUS,,-9.15,,734.67,5/30/2012 0:00,
5/31/2012 20:30,ID2564,POS Transaction,VALVE SOFTWARE         425-8899642  WAUS,POS Transaction  VALVE SOFTWARE         425-8899642  WAUS,,-39.99,,694.68,6/1/2012 0:00,
5/31/2012 20:51,ID2565,Credit Dividend,,Credit Dividend ,,0.04,,694.72,5/31/2012 0:00,
6/4/2012 20:01,ID2566,POS Transaction,VALVE SOFTWARE         425-8899642  WAUS,POS Transaction  VALVE SOFTWARE         425-8899642  WAUS,,-16.99,,677.73,6/5/2012 0:00,
6/5/2012 11:08,ID2567,POS Transaction,USPS 400688955 4550 SW BETTS AVE      BEAVERTON    ORUS,POS Transaction USPS 400688955 4550 SW BETTS AVE      BEAVERTON    ORUS,,-21.04,,656.69,6/5/2012 0:00,
6/6/2012 4:36,ID2568,POS Transaction,BEAVERTON DQ #16068    BEAVERTON    ORUS,POS Transaction  BEAVERTON DQ #16068    BEAVERTON    ORUS,,-11.48,,645.21,6/6/2012 0:00,
6/6/2012 20:29,ID2569,POS Transaction,SAFEWAY  STORE  0512 8145 SW BARBUR BLVD    PORTLAND     ORU,POS Transaction SAFEWAY  STORE  0512 8145 SW BARBUR BLVD    PORTLAND     ORU,,-11,,634.21,6/7/2012 0:00,
6/7/2012 23:34,ID2570,POS Transaction,SAFEWAY  STORE  0512 8145 SW BARBUR BLVD    PORTLAND     ORU,POS Transaction SAFEWAY  STORE  0512 8145 SW BARBUR BLVD    PORTLAND     ORU,,-13,,621.21,6/8/2012 0:00,
6/12/2012 14:03,ID2571,POS Transaction,FRED MEYER 393         TUALATIN     ORUS,POS Transaction  FRED MEYER 393         TUALATIN     ORUS,,-21.63,,599.58,6/12/2012 0:00,
6/15/2012 14:04,ID2572,POS Transaction,TACO BELL #24103       SHERWOOD     ORUS,POS Transaction  TACO BELL #24103       SHERWOOD     ORUS,,-10.26,,589.32,6/15/2012 0:00,
6/19/2012 20:45,ID2573,POS Transaction,FRED MEYER 040         PORTLAND     ORUS,POS Transaction  FRED MEYER 040         PORTLAND     ORUS,,-7.33,,581.99,6/20/2012 0:00,
6/19/2012 22:11,ID2574,POS Transaction,SQ *BIG-ASS SANDWICHES Portland     ORUS,POS Transaction  SQ *BIG-ASS SANDWICHES Portland     ORUS,,-9.75,,572.24,6/20/2012 0:00,
6/20/2012 4:14,ID2575,POS Transaction,SAINT CUPCAKE          PORTLAND     ORUS,POS Transaction  SAINT CUPCAKE          PORTLAND     ORUS,,-6.25,,565.99,6/20/2012 0:00,
6/21/2012 13:01,ID2576,POS Transaction,TACO BELL #2622        PORTLAND     ORUS,POS Transaction  TACO BELL #2622        PORTLAND     ORUS,,-8.36,,557.63,6/21/2012 0:00,
6/21/2012 15:42,ID2577,POS Transaction,SESAME DONUTS          PORTLAND     ORUS,POS Transaction  SESAME DONUTS          PORTLAND     ORUS,,-10.39,,547.24,6/22/2012 0:00,
6/25/2012 16:32,ID2578,POS Transaction,HAGGEN FOOD AND PH 8515 SW TUALATIN-S     TUALATIN     ORUS,POS Transaction HAGGEN FOOD AND PH 8515 SW TUALATIN-S     TUALATIN     ORUS,,-0.99,,546.25,6/26/2012 0:00,
6/26/2012 11:47,ID2579,POS Transaction,PCC Sylvania Bookstore PORTLAND     ORUS,POS Transaction  PCC Sylvania Bookstore PORTLAND     ORUS,,-80.85,,465.4,6/26/2012 0:00,
6/29/2012 10:04,ID2580,POS Transaction,HAGGEN FOOD AND PH 8515 SW TUALATIN-S     TUALATIN     ORUS,POS Transaction HAGGEN FOOD AND PH 8515 SW TUALATIN-S     TUALATIN     ORUS,,-25.72,,439.68,6/29/2012 0:00,
6/29/2012 20:49,ID2581,POS Transaction,CARLS JR #7159    Q15 TUALATIN     ORUS,POS Transaction  CARLS JR #7159    Q15 TUALATIN     ORUS,,-8.39,,431.29,6/30/2012 0:00,
6/30/2012 14:24,ID2582,POS Transaction,FRED MEYER 393         TUALATIN     ORUS,POS Transaction  FRED MEYER 393         TUALATIN     ORUS,,-7.43,,423.86,6/30/2012 0:00,
6/30/2012 17:24,ID2583,Credit Dividend,,Credit Dividend ,,0.02,,423.88,6/30/2012 0:00,
7/6/2012 12:36,ID2584,POS Transaction,AMAZON MKTPLACE PMTS   AMZN.COM/BILLWAUS,POS Transaction  AMAZON MKTPLACE PMTS   AMZN.COM/BILLWAUS,,-13.59,,410.29,7/6/2012 0:00,
7/12/2012 13:46,ID2585,POS Transaction,FRED MEYER 393         TUALATIN     ORUS,POS Transaction  FRED MEYER 393         TUALATIN     ORUS,,-24.03,,386.26,7/12/2012 0:00,
7/16/2012 13:38,ID2586,POS Transaction,TACO BELL #3187        TIGARD       ORUS,POS Transaction  TACO BELL #3187        TIGARD       ORUS,,-9.76,,376.5,7/16/2012 0:00,
7/18/2012 4:54,ID2587,POS Transaction,VALVE SOFTWARE         425-8899642  WAUS,POS Transaction  VALVE SOFTWARE         425-8899642  WAUS,,-4.99,,371.51,7/18/2012 0:00,
7/18/2012 4:54,ID2588,POS Transaction,VALVE SOFTWARE         425-8899642  WAUS,POS Transaction  VALVE SOFTWARE         425-8899642  WAUS,,-7.48,,364.03,7/18/2012 0:00,
7/18/2012 4:54,ID2589,POS Transaction,VALVE SOFTWARE         425-8899642  WAUS,POS Transaction  VALVE SOFTWARE         425-8899642  WAUS,,-19.96,,344.07,7/18/2012 0:00,
7/18/2012 4:54,ID2590,POS Transaction,VALVE SOFTWARE         425-8899642  WAUS,POS Transaction  VALVE SOFTWARE         425-8899642  WAUS,,-9.99,,334.08,7/18/2012 0:00,
7/18/2012 18:18,ID2591,POS Transaction,DEQ VIP SH14962 SW TUALSHERWOOD     ORUS,POS Transaction  DEQ VIP SH14962 SW TUALSHERWOOD     ORUS,,-105,,229.08,7/19/2012 0:00,
7/18/2012 18:19,ID2592,POS Transaction,DEQ VIP SH14962 SW TUALSHERWOOD     ORUS,POS Transaction  DEQ VIP SH14962 SW TUALSHERWOOD     ORUS,,-30,,199.08,7/19/2012 0:00,
7/19/2012 15:00,ID2593,ATM Inquiry   ,WINCO FOODS #0023 7501 DARTMOUTH ST.     TIGARD       ORUS,ATM Inquiry    WINCO FOODS #0023 7501 DARTMOUTH ST.     TIGARD       ORUS,,0,,199.08,7/20/2012 0:00,
7/19/2012 15:01,ID2594,ATM Withdrawal,WINCO FOODS #0023 7501 DARTMOUTH ST.     TIGARD       ORUS,ATM Withdrawal WINCO FOODS #0023 7501 DARTMOUTH ST.     TIGARD       ORUS,,-61,,138.08,7/20/2012 0:00,
7/20/2012 17:40,ID2595,POS Transaction,TACO BELL 0   00166009 TIGARD       ORUS,POS Transaction  TACO BELL 0   00166009 TIGARD       ORUS,,-7.48,,130.6,7/21/2012 0:00,
7/23/2012 15:50,ID2596,POS Transaction,SAFEWAY  STORE  0512 8145 SW BARBUR BLVD    PORTLAND     ORU,POS Transaction SAFEWAY  STORE  0512 8145 SW BARBUR BLVD    PORTLAND     ORU,,-14.77,,115.83,7/24/2012 0:00,
7/30/2012 3:28,ID2597,ACH Deposit,PAYPAL TRANSFER - TRANSFER,ACH Deposit PAYPAL TRANSFER - TRANSFER,,250,,365.83,7/30/2012 0:00,
7/31/2012 12:29,ID2598,POS Transaction,FRED MEYER 393         TUALATIN     ORUS,POS Transaction  FRED MEYER 393         TUALATIN     ORUS,,-20.5,,345.33,7/31/2012 0:00,
7/31/2012 15:11,ID2599,ATM Rebate,,ATM Rebate ,,1,,346.33,7/31/2012 0:00,
7/31/2012 21:11,ID2600,Credit Dividend,,Credit Dividend ,,0.65,,346.98,7/31/2012 0:00,
8/9/2012 3:57,ID2601,ACH Debit,PAYPAL INSTANT TRANSFER - INST XFER,ACH Debit PAYPAL INSTANT TRANSFER - INST XFER,,-10.17,,336.81,8/9/2012 0:00,
8/14/2012 13:10,ID2602,POS Transaction,FRED MEYER 393         TUALATIN     ORUS,POS Transaction  FRED MEYER 393         TUALATIN     ORUS,,-11.27,,325.54,8/14/2012 0:00,
8/17/2012 17:24,ID2603,POS Transaction,TACO BELL #3163        TUALATIN     ORUS,POS Transaction  TACO BELL #3163        TUALATIN     ORUS,,-8.37,,317.17,8/18/2012 0:00,
8/21/2012 3:20,ID2604,ACH Deposit,GOOGLE ADSENSE GOOGLE.COM - REVENUE SH,ACH Deposit GOOGLE ADSENSE GOOGLE.COM - REVENUE SH,,1.11,,318.28,8/21/2012 0:00,
8/21/2012 21:26,ID2605,POS Transaction,FRED MEYER 393         TUALATIN     ORUS,POS Transaction  FRED MEYER 393         TUALATIN     ORUS,,-25.38,,292.9,8/22/2012 0:00,
8/22/2012 17:58,ID2606,POS Transaction,FRED MEYER 393         TUALATIN     ORUS,POS Transaction  FRED MEYER 393         TUALATIN     ORUS,,-20.66,,272.24,8/23/2012 0:00,
8/29/2012 2:43,ID2607,POS Transaction,ROUND TABLE PIZZA #319 5036611011   ORUS,POS Transaction  ROUND TABLE PIZZA #319 5036611011   ORUS,,-27.27,,244.97,8/29/2012 0:00,
8/31/2012 20:53,ID2608,Credit Dividend,,Credit Dividend ,,0.01,,244.98,8/31/2012 0:00,
9/1/2012 8:35,ID2609,POS Transaction,CHEVRON 00210319       TUALATIN     ORUS,POS Transaction  CHEVRON 00210319       TUALATIN     ORUS,,-20,,224.98,9/1/2012 0:00,
9/20/2012 0:08,ID2610,POS Transaction,INFLIGHT US AIRWAYS    PHOENIX      AZUS,POS Transaction  INFLIGHT US AIRWAYS    PHOENIX      AZUS,,-8,,216.98,9/20/2012 0:00,
9/30/2012 17:50,ID2611,Credit Dividend,,Credit Dividend ,,0.01,,216.99,9/30/2012 0:00,
10/1/2012 12:35,ID2612,POS Transaction,HAGGEN FOOD AND PH 8515 SW TUALATIN-S     TUALATIN     ORUS,POS Transaction HAGGEN FOOD AND PH 8515 SW TUALATIN-S     TUALATIN     ORUS,,-17.08,,199.91,10/1/2012 0:00,
10/26/2012 12:38,ID2613,POS Transaction,TACO BELL #3163        TUALATIN     ORUS,POS Transaction  TACO BELL #3163        TUALATIN     ORUS,,-7.76,,192.15,10/26/2012 0:00,
10/26/2012 17:58,ID2614,POS Transaction,HAGGEN FOOD AND PH 8515 SW TUALATIN-S     TUALATIN     ORUS,POS Transaction HAGGEN FOOD AND PH 8515 SW TUALATIN-S     TUALATIN     ORUS,,-8.45,,183.7,10/27/2012 0:00,
10/31/2012 21:17,ID2615,Credit Dividend,,Credit Dividend ,,0.01,,183.71,10/31/2012 0:00,
11/21/2012 3:15,ID2616,POS Transaction,PCC SYLVANIA DINING    PORTLAND     ORUS,POS Transaction  PCC SYLVANIA DINING    PORTLAND     ORUS,,-9.17,,174.54,11/21/2012 0:00,
11/21/2012 9:23,ID2617,POS Transaction,FRED MEYER 393         TUALATIN     ORUS,POS Transaction  FRED MEYER 393         TUALATIN     ORUS,,-23.72,,150.82,11/21/2012 0:00,
11/27/2012 3:21,ID2618,ACH Deposit,GOOGLE ADSENSE GOOGLE.COM - REVENUE SH,ACH Deposit GOOGLE ADSENSE GOOGLE.COM - REVENUE SH,,104.95,,255.77,11/27/2012 0:00,
11/30/2012 20:59,ID2619,Credit Dividend,,Credit Dividend ,,0.01,,255.78,11/30/2012 0:00,
12/2/2012 18:38,ID2620,POS Transaction,FRED MEYER 393         TUALATIN     ORUS,POS Transaction  FRED MEYER 393         TUALATIN     ORUS,,-6.67,,249.11,12/3/2012 0:00,
12/12/2012 0:42,ID2621,POS Transaction,PCC SYLVANIA DINING    PORTLAND     ORUS,POS Transaction  PCC SYLVANIA DINING    PORTLAND     ORUS,,-7.49,,241.62,12/12/2012 0:00,
12/13/2012 19:33,ID2622,POS Transaction,FRED MEYER 393         TUALATIN     ORUS,POS Transaction  FRED MEYER 393         TUALATIN     ORUS,,-11.94,,229.68,12/14/2012 0:00,
12/14/2012 11:41,ID2623,POS Transaction,TACO BELL #3163        TUALATIN     ORUS,POS Transaction  TACO BELL #3163        TUALATIN     ORUS,,-9.68,,220,12/14/2012 0:00,
12/17/2012 13:49,ID2624,POS Transaction,FRED MEYER 393         TUALATIN     ORUS,POS Transaction  FRED MEYER 393         TUALATIN     ORUS,,-17.66,,202.34,12/17/2012 0:00,
12/20/2012 10:02,ID2625,Withdrawal,,Withdrawal ,,-20,,182.34,12/20/2012 0:00,
12/21/2012 21:54,ID2626,POS Transaction,PMG E SUNSET           PORTLAND     ORUS,POS Transaction  PMG E SUNSET           PORTLAND     ORUS,,-20,,162.34,12/22/2012 0:00,
12/22/2012 14:01,ID2627,POS Transaction,CHEVRON 00210319       TUALATIN     ORUS,POS Transaction  CHEVRON 00210319       TUALATIN     ORUS,,-20,,142.34,12/22/2012 0:00,
12/23/2012 0:35,ID2628,POS Transaction,NEW KINGS BUFFET       TIGARD       ORUS,POS Transaction  NEW KINGS BUFFET       TIGARD       ORUS,,-15.95,,126.39,12/23/2012 0:00,
12/28/2012 16:07,ID2629,POS Transaction,RUSSELL STREET BAR-B-Q PORTLAND     ORUS,POS Transaction  RUSSELL STREET BAR-B-Q PORTLAND     ORUS,,-44,,82.39,12/29/2012 0:00,
12/30/2012 11:08,ID2630,Deposit,Shared Branch e-deposit               Palo Alto     CA,Deposit Shared Branch e-deposit               Palo Alto     CA,,20,,102.39,12/30/2012 0:00,
12/30/2012 11:14,ID2631,Deposit,Shared Branch e-deposit               Palo Alto     CA,Deposit Shared Branch e-deposit               Palo Alto     CA,,20,,122.39,12/30/2012 0:00,
12/30/2012 11:18,ID2632,Deposit,Shared Branch e-deposit               Palo Alto     CA,Deposit Shared Branch e-deposit               Palo Alto     CA,,185,,307.39,12/30/2012 0:00,
12/31/2012 21:08,ID2633,Credit Dividend,,Credit Dividend ,,0.01,,307.4,12/31/2012 0:00,
1/11/2013 13:19,ID2634,POS Transaction,TACO BELL #3163        TUALATIN     ORUS,POS Transaction  TACO BELL #3163        TUALATIN     ORUS,,-16.22,,291.18,1/11/2013 0:00,
1/12/2013 14:30,ID2635,POS Transaction,HAGGEN FOOD AND PH 8515 SW TUALATIN-S     TUALATIN     ORUS,POS Transaction HAGGEN FOOD AND PH 8515 SW TUALATIN-S     TUALATIN     ORUS,,-13.47,,277.71,1/12/2013 0:00,
1/15/2013 15:32,ID2636,POS Transaction,PLAID PANTRY #16 19405 SW BOONES FERRY RTUALATIN     ORUS,POS Transaction PLAID PANTRY #16 19405 SW BOONES FERRY RTUALATIN     ORUS,,-10.12,,267.59,1/16/2013 0:00,
1/17/2013 21:21,ID2637,POS Transaction,FRED MEYER 393         TUALATIN     ORUS,POS Transaction  FRED MEYER 393         TUALATIN     ORUS,,-9.2,,258.39,1/18/2013 0:00,
1/30/2013 19:36,ID2638,POS Transaction,CARLS JR #7159    Q15 TUALATIN     ORUS,POS Transaction  CARLS JR #7159    Q15 TUALATIN     ORUS,,-14.96,,243.43,1/31/2013 0:00,
1/31/2013 20:42,ID2639,POS Transaction,ANCIENT WONDERS        TUALATIN     ORUS,POS Transaction  ANCIENT WONDERS        TUALATIN     ORUS,,-39.98,,203.45,1/31/2013 0:00,
1/31/2013 21:23,ID2640,Credit Dividend,,Credit Dividend ,,0.01,,203.46,1/31/2013 0:00,
2/4/2013 6:21,ID2641,POS Transaction,BUFFALO WILD WINGS #357TUALATIN     ORUS,POS Transaction  BUFFALO WILD WINGS #357TUALATIN     ORUS,,-23.15,,180.31,2/4/2013 0:00,
2/5/2013 21:22,ID2642,POS Transaction,HAGGEN FOOD AND PH 8515 SW TUALATIN-S     TUALATIN     ORUS,POS Transaction HAGGEN FOOD AND PH 8515 SW TUALATIN-S     TUALATIN     ORUS,,-7.57,,172.74,2/6/2013 0:00,
2/6/2013 10:50,ID2643,POS Transaction,CARLS JR 7159         TUALATIN     ORUS,POS Transaction  CARLS JR 7159         TUALATIN     ORUS,,-8.29,,164.45,2/6/2013 0:00,
2/9/2013 16:45,ID2644,POS Transaction,FRED MEYER 040         PORTLAND     ORUS,POS Transaction  FRED MEYER 040         PORTLAND     ORUS,,-3.84,,160.61,2/10/2013 0:00,
2/13/2013 3:28,ID2645,ACH Deposit,PAYPAL TRANSFER - TRANSFER,ACH Deposit PAYPAL TRANSFER - TRANSFER,,90.47,,251.08,2/13/2013 0:00,
2/13/2013 15:33,ID2646,POS Transaction,FRED MEYER 393         TUALATIN     ORUS,POS Transaction  FRED MEYER 393         TUALATIN     ORUS,,-15.99,,235.09,2/14/2013 0:00,
2/19/2013 16:16,ID2647,POS Transaction,SQ *GOODNESS COFFEE HOUBeaverton    ORUS,POS Transaction  SQ *GOODNESS COFFEE HOUBeaverton    ORUS,,-6.33,,228.76,2/20/2013 0:00,
2/21/2013 14:11,ID2648,ATM Inquiry   ,BANK OF AMERICA *HAGGEN TUALATIN       TUALATIN     ORUS,ATM Inquiry    BANK OF AMERICA *HAGGEN TUALATIN       TUALATIN     ORUS,,0,,228.76,2/21/2013 0:00,
2/22/2013 9:54,ID2649,POS Transaction,PMG E SUNSET           PORTLAND     ORUS,POS Transaction  PMG E SUNSET           PORTLAND     ORUS,,-110,,118.76,2/22/2013 0:00,
2/22/2013 11:39,ID2650,POS Transaction,TACO BELL #3163        TUALATIN     ORUS,POS Transaction  TACO BELL #3163        TUALATIN     ORUS,,-17.12,,101.64,2/22/2013 0:00,
2/24/2013 12:30,ID2651,POS Transaction,PIZZA SCHMIZZA RALEIGH BEAVERTON    ORUS,POS Transaction  PIZZA SCHMIZZA RALEIGH BEAVERTON    ORUS,,-5.99,,95.65,2/24/2013 0:00,
2/24/2013 12:30,ID2652,POS Transaction,PIZZA SCHMIZZA RALEIGH BEAVERTON    ORUS,POS Transaction  PIZZA SCHMIZZA RALEIGH BEAVERTON    ORUS,,-9.49,,86.16,2/24/2013 0:00,
2/24/2013 15:47,ID2653,POS Transaction,SESAME DONUTS          PORTLAND     ORUS,POS Transaction  SESAME DONUTS          PORTLAND     ORUS,,-10.49,,75.67,2/25/2013 0:00,
2/25/2013 3:32,ID2654,ACH Deposit,PAYPAL TRANSFER - TRANSFER,ACH Deposit PAYPAL TRANSFER - TRANSFER,,135,,210.67,2/25/2013 0:00,
2/28/2013 21:15,ID2655,Credit Dividend,,Credit Dividend ,,0.26,,210.93,2/28/2013 0:00,
3/1/2013 3:57,ID2656,POS Transaction,CHIPOTLE 1015          TUALATIN     ORUS,POS Transaction  CHIPOTLE 1015          TUALATIN     ORUS,,-6.2,,204.73,3/1/2013 0:00,
3/5/2013 21:21,ID2657,POS Transaction,FRED MEYER 393         TUALATIN     ORUS,POS Transaction  FRED MEYER 393         TUALATIN     ORUS,,-13.27,,191.46,3/6/2013 0:00,
3/20/2013 11:21,ID2658,POS Transaction,TACO BELL #3163        TUALATIN     ORUS,POS Transaction  TACO BELL #3163        TUALATIN     ORUS,,-12.99,,178.47,3/20/2013 0:00,
3/22/2013 13:57,ID2659,POS Transaction,CHEVRON 00210319       TUALATIN     ORUS,POS Transaction  CHEVRON 00210319       TUALATIN     ORUS,,-68.71,,109.76,3/22/2013 0:00,
3/22/2013 14:19,ID2660,POS Transaction,FRED MEYER 393         TUALATIN     ORUS,POS Transaction  FRED MEYER 393         TUALATIN     ORUS,,-9.87,,99.89,3/22/2013 0:00,
3/22/2013 17:51,ID2661,POS Transaction,FRED MEYER 393         TUALATIN     ORUS,POS Transaction  FRED MEYER 393         TUALATIN     ORUS,,-26.42,,73.47,3/23/2013 0:00,
3/22/2013 19:17,ID2662,POS Transaction,VALVE SOFTWARE         425-8899642  WAUS,POS Transaction  VALVE SOFTWARE         425-8899642  WAUS,,-9.99,,63.48,3/23/2013 0:00,
3/31/2013 20:24,ID2663,Credit Dividend,,Credit Dividend ,,0.01,,63.49,3/31/2013 0:00,
4/3/2013 4:44,ID2664,ACH Debit,PAYPAL INSTANT TRANSFER - INST XFER,ACH Debit PAYPAL INSTANT TRANSFER - INST XFER,,-13.73,,49.76,4/3/2013 0:00,
4/6/2013 21:54,ID2665,POS Transaction,7-ELEVEN 8635 SW BARBUR BLV     PORTLAND     ORUS,POS Transaction 7-ELEVEN 8635 SW BARBUR BLV     PORTLAND     ORUS,,-3.1,,46.66,4/7/2013 0:00,
4/14/2013 3:09,ID2666,POS Transaction,BEAVERTON DQ #16068    BEAVERTON    ORUS,POS Transaction  BEAVERTON DQ #16068    BEAVERTON    ORUS,,-21.26,,25.4,4/14/2013 0:00,
4/25/2013 3:36,ID2667,ACH Deposit,GOOGLE ADSENSE GOOGLE.COM - REVENUE SH,ACH Deposit GOOGLE ADSENSE GOOGLE.COM - REVENUE SH,,105.23,,130.63,4/25/2013 0:00,
5/3/2013 16:49,ID2668,POS Transaction,FRED MEYER 393         TUALATIN     ORUS,POS Transaction  FRED MEYER 393         TUALATIN     ORUS,,-10.85,,119.78,5/4/2013 0:00,
5/10/2013 4:26,ID2669,ACH Debit,PAYPAL INSTANT TRANSFER - INST XFER,ACH Debit PAYPAL INSTANT TRANSFER - INST XFER,,-1.23,,118.55,5/10/2013 0:00,
5/18/2013 15:21,ID2670,POS Transaction,HAGGEN FOOD AND PH 8515 SW TUALATIN-S     TUALATIN     ORUS,POS Transaction HAGGEN FOOD AND PH 8515 SW TUALATIN-S     TUALATIN     ORUS,,-6.28,,112.27,5/19/2013 0:00,
5/28/2013 4:54,ID2671,ACH Debit,PAYPAL INSTANT TRANSFER - INST XFER,ACH Debit PAYPAL INSTANT TRANSFER - INST XFER,,-9.75,,102.52,5/28/2013 0:00,
5/28/2013 8:45,ID2672,POS Transaction,QDOBA 380     11303807 TUALATIN     ORUS,POS Transaction  QDOBA 380     11303807 TUALATIN     ORUS,,-8.98,,93.54,5/28/2013 0:00,
6/9/2013 19:56,ID2673,POS Transaction,PLAID PANTRY #0019 15995 SW HALL BLVD.    TIGARD       ORUS,POS Transaction PLAID PANTRY #0019 15995 SW HALL BLVD.    TIGARD       ORUS,,-5.56,,87.98,6/10/2013 0:00,
6/15/2013 14:29,ID2674,POS Transaction,BAJA FRESH MEXICAN GRI LAKE OSWEGO  ORUS,POS Transaction  BAJA FRESH MEXICAN GRI LAKE OSWEGO  ORUS,,-14.35,,73.63,6/15/2013 0:00,
6/28/2013 21:45,ID2675,POS Transaction,OR LIQUOR 9875 SW BARBUPORTLAND     ORUS,POS Transaction  OR LIQUOR 9875 SW BARBUPORTLAND     ORUS,,-15.25,,58.38,6/29/2013 0:00,
6/29/2013 3:38,ID2676,POS Transaction,SQ *WHATS THE SCOOP?  Portland     ORUS,POS Transaction  SQ *WHATS THE SCOOP?  Portland     ORUS,,-6.75,,51.63,6/29/2013 0:00,
7/12/2013 21:51,ID2677,POS Transaction,FRED MEYER 040         PORTLAND     ORUS,POS Transaction  FRED MEYER 040         PORTLAND     ORUS,,-4.59,,47.04,7/13/2013 0:00,
7/15/2013 14:27,ID2678,POS Transaction,FRED MEYER 393         TUALATIN     ORUS,POS Transaction  FRED MEYER 393         TUALATIN     ORUS,,-8.9,,38.14,7/15/2013 0:00,
7/28/2013 17:36,ID2679,POS Transaction,FLIPPING BURGER        PORTLAND     ORUS,POS Transaction  FLIPPING BURGER        PORTLAND     ORUS,,-11,,27.14,7/29/2013 0:00,
8/14/2013 3:30,ID2680,ACH Deposit,PAYPAL TRANSFER - TRANSFER,ACH Deposit PAYPAL TRANSFER - TRANSFER,,5.08,,32.22,8/14/2013 0:00,
8/21/2013 3:26,ID2681,ACH Deposit,PAYPAL TRANSFER - TRANSFER,ACH Deposit PAYPAL TRANSFER - TRANSFER,,10.01,,42.23,8/21/2013 0:00,
8/26/2013 4:32,ID2682,ACH Debit,PAYPAL INSTANT TRANSFER - INST XFER,ACH Debit PAYPAL INSTANT TRANSFER - INST XFER,,-5,,37.23,8/26/2013 0:00,
9/4/2013 2:17,ID2683,POS Transaction,POTBELLY  308          LAKE OSWEGO  ORUS,POS Transaction  POTBELLY  308          LAKE OSWEGO  ORUS,,-7.8,,29.43,9/4/2013 0:00,
9/4/2013 3:30,ID2684,ACH Deposit,PAYPAL TRANSFER - TRANSFER,ACH Deposit PAYPAL TRANSFER - TRANSFER,,18.34,,47.77,9/4/2013 0:00,
9/14/2013 13:01,ID2685,POS Transaction,BURGERVILLE USA #14    PORTLAND     ORUS,POS Transaction  BURGERVILLE USA #14    PORTLAND     ORUS,,-4.35,,43.42,9/14/2013 0:00,
9/14/2013 13:11,ID2686,ATM Deposit,FIRST TECH 8700 SW NIMBUS AVE     BEAVERTON    ORUS,ATM Deposit FIRST TECH 8700 SW NIMBUS AVE     BEAVERTON    ORUS,,396.28,,439.7,9/14/2013 0:00,
9/15/2013 16:22,ID2687,POS Transaction,FIRE ON THE MOUNTAIN B PORTLAND     ORUS,POS Transaction  FIRE ON THE MOUNTAIN B PORTLAND     ORUS,,-24.25,,415.45,9/16/2013 0:00,
9/16/2013 23:50,ID2688,POS Transaction,POTBELLY  308          LAKE OSWEGO  ORUS,POS Transaction  POTBELLY  308          LAKE OSWEGO  ORUS,,-6,,409.45,9/17/2013 0:00,
9/17/2013 18:16,ID2689,POS Transaction,HAGGEN FOOD AND PH     TUALATIN     ORUS,POS Transaction  HAGGEN FOOD AND PH     TUALATIN     ORUS,,-3.28,,406.17,9/18/2013 0:00,
9/18/2013 4:12,ID2690,ACH Debit,PAYPAL INSTANT TRANSFER - INST XFER,ACH Debit PAYPAL INSTANT TRANSFER - INST XFER,,-107.03,,299.14,9/18/2013 0:00,
9/20/2013 3:11,ID2691,POS Transaction,CHIPOTLE 1645          LAKE OSWEGO  ORUS,POS Transaction  CHIPOTLE 1645          LAKE OSWEGO  ORUS,,-8.6,,290.54,9/20/2013 0:00,
9/21/2013 3:44,ID2692,POS Transaction,FLYING PIE PIZZERIA    LAKE OSWEGO  ORUS,POS Transaction  FLYING PIE PIZZERIA    LAKE OSWEGO  ORUS,,-9,,281.54,9/21/2013 0:00,
9/23/2013 4:59,ID2693,ACH Debit,PAYPAL INSTANT TRANSFER - INST XFER,ACH Debit PAYPAL INSTANT TRANSFER - INST XFER,,-48.08,,233.46,9/23/2013 0:00,
9/23/2013 20:51,ID2694,POS Transaction,DANGS THAI KITCHEN     LAKE OSWEGO  ORUS,POS Transaction  DANGS THAI KITCHEN     LAKE OSWEGO  ORUS,,-12.5,,220.96,9/24/2013 0:00,
9/24/2013 3:32,ID2695,ACH Deposit,Google Inc. EDI - EDI PYMNTS,ACH Deposit Google Inc. EDI - EDI PYMNTS,,334.87,,555.83,9/24/2013 0:00,
9/26/2013 2:24,ID2696,POS Transaction,CHIPOTLE 1645          LAKE OSWEGO  ORUS,POS Transaction  CHIPOTLE 1645          LAKE OSWEGO  ORUS,,-8.6,,547.23,9/26/2013 0:00,
9/26/2013 10:26,ID2697,POS Transaction,AMAZON MKTPLACE PMTS   AMZN.COM/BILLWAUS,POS Transaction  AMAZON MKTPLACE PMTS   AMZN.COM/BILLWAUS,,-317.99,,229.24,9/26/2013 0:00,
9/30/2013 21:19,ID2698,Credit Dividend,,Credit Dividend ,,0.01,,229.25,9/30/2013 0:00,
9/30/2013 23:54,ID2699,POS Transaction,POTBELLY  308          LAKE OSWEGO  ORUS,POS Transaction  POTBELLY  308          LAKE OSWEGO  ORUS,,-8,,221.25,10/1/2013 0:00,
10/1/2013 20:21,ID2700,POS Transaction,VALVE SOFTWARE         425-8899642  WAUS,POS Transaction  VALVE SOFTWARE         425-8899642  WAUS,,-19.55,,201.7,10/2/2013 0:00,
10/2/2013 16:49,ID2701,POS Transaction,BUSTERS TEXAS STYLE BBQTIGARD       ORUS,POS Transaction  BUSTERS TEXAS STYLE BBQTIGARD       ORUS,,-9.75,,191.95,10/3/2013 0:00,
10/2/2013 18:24,ID2702,POS Transaction,FRED MEYER 393         TUALATIN     ORUS,POS Transaction  FRED MEYER 393         TUALATIN     ORUS,,-5.07,,186.88,10/3/2013 0:00,
10/5/2013 22:16,ID2703,POS Transaction,FRED MEYER 040         PORTLAND     ORUS,POS Transaction  FRED MEYER 040         PORTLAND     ORUS,,-24.44,,162.44,10/6/2013 0:00,
10/6/2013 11:02,ID2704,POS Transaction,REGAL CINEMAS TIGARD   TIGARD       ORUS,POS Transaction  REGAL CINEMAS TIGARD   TIGARD       ORUS,,-28,,134.44,10/6/2013 0:00,
10/6/2013 11:19,ID2705,POS Transaction,CARLS JR 8104         TIGARD       ORUS,POS Transaction  CARLS JR 8104         TIGARD       ORUS,,-18.4,,116.04,10/6/2013 0:00,
10/9/2013 0:10,ID2706,POS Transaction,POTBELLY  308          LAKE OSWEGO  ORUS,POS Transaction  POTBELLY  308          LAKE OSWEGO  ORUS,,-8,,108.04,10/9/2013 0:00,
10/13/2013 12:39,ID2707,ATM Deposit,FIRST TECH 8700 SW NIMBUS AVE     BEAVERTON    ORUS,ATM Deposit FIRST TECH 8700 SW NIMBUS AVE     BEAVERTON    ORUS,,896.03,,1004.07,10/13/2013 0:00,
10/15/2013 1:56,ID2708,ACH Deposit,WAGGENER EDSTROM 350001092443      05 - DIRECT DEP,ACH Deposit WAGGENER EDSTROM 350001092443      05 - DIRECT DEP,,906.13,,1910.2,10/15/2013 0:00,
10/15/2013 20:08,ID2709,POS Transaction,PINE SHED RIBS AND BARBLAKE OSWEGO  ORUS,POS Transaction  PINE SHED RIBS AND BARBLAKE OSWEGO  ORUS,,-15,,1895.2,10/16/2013 0:00,
10/17/2013 11:41,ID2710,POS Transaction,MALETIS BEVERAGE       PORTLAND     ORUS,POS Transaction  MALETIS BEVERAGE       PORTLAND     ORUS,,-158,,1737.2,10/17/2013 0:00,
10/17/2013 19:27,ID2711,POS Transaction,VALVE SOFTWARE         425-8899642  WAUS,POS Transaction  VALVE SOFTWARE         425-8899642  WAUS,,-4.99,,1732.21,10/18/2013 0:00,
10/18/2013 3:34,ID2712,POS Transaction,POTBELLY  308          LAKE OSWEGO  ORUS,POS Transaction  POTBELLY  308          LAKE OSWEGO  ORUS,,-6,,1726.21,10/18/2013 0:00,
10/24/2013 17:16,ID2713,POS Transaction,FRED MEYER 393         TUALATIN     ORUS,POS Transaction  FRED MEYER 393         TUALATIN     ORUS,,-20.35,,1705.86,10/25/2013 0:00,
10/26/2013 18:35,ID2714,POS Transaction,FRED MEYER 040         PORTLAND     ORUS,POS Transaction  FRED MEYER 040         PORTLAND     ORUS,,-10.8,,1695.06,10/27/2013 0:00,
10/27/2013 1:21,ID2715,POS Transaction,BAJA FRESH BARBUR      PORTLAND     ORUS,POS Transaction  BAJA FRESH BARBUR      PORTLAND     ORUS,,-9.18,,1685.88,10/27/2013 0:00,
10/30/2013 23:05,ID2716,ACH Deposit,WAGGENER EDSTROM 350001092443      05 - DIRECT DEP,ACH Deposit WAGGENER EDSTROM 350001092443      05 - DIRECT DEP,,1309.73,,2995.61,10/31/2013 0:00,
10/31/2013 21:10,ID2717,Credit Dividend,,Credit Dividend ,,1.49,,2997.1,10/31/2013 0:00,
11/1/2013 3:06,ID2718,POS Transaction,CHIPOTLE 1645          LAKE OSWEGO  ORUS,POS Transaction  CHIPOTLE 1645          LAKE OSWEGO  ORUS,,-6.7,,2990.4,11/1/2013 0:00,
11/2/2013 13:02,ID2719,POS Transaction,OR LIQUOR STORE #074   PORTLAND     ORUS,POS Transaction  OR LIQUOR STORE #074   PORTLAND     ORUS,,-36.9,,2953.5,11/2/2013 0:00,
11/2/2013 13:38,ID2720,POS Transaction,TRADER JOES # 142     LAKE OSWEGO  ORUS,POS Transaction  TRADER JOES # 142     LAKE OSWEGO  ORUS,,-9.97,,2943.53,11/2/2013 0:00,
11/2/2013 19:31,ID2721,POS Transaction,FRED MEYER 393         TUALATIN     ORUS,POS Transaction  FRED MEYER 393         TUALATIN     ORUS,,-12.03,,2931.5,11/3/2013 0:00,
11/5/2013 10:14,ID2722,POS Transaction,APL*APPLE ITUNES STORE 866-712-7753 CAUS,POS Transaction  APL*APPLE ITUNES STORE 866-712-7753 CAUS,,-10.98,,2920.52,11/5/2013 0:00,
11/5/2013 20:14,ID2723,POS Transaction,VALVE SOFTWARE         425-8899642  WAUS,POS Transaction  VALVE SOFTWARE         425-8899642  WAUS,,-22.99,,2897.53,11/6/2013 0:00,
11/9/2013 14:07,ID2724,ATM Deposit,FIRST TECH 8700 SW NIMBUS AVE     BEAVERTON    ORUS,ATM Deposit FIRST TECH 8700 SW NIMBUS AVE     BEAVERTON    ORUS,,543.03,,3440.56,11/9/2013 0:00,
11/22/2013 15:34,ID2725,POS Transaction,FRED MEYER 393         TUALATIN     ORUS,POS Transaction  FRED MEYER 393         TUALATIN     ORUS,,-37.85,,3402.71,11/23/2013 0:00,
11/22/2013 20:18,ID2726,POS Transaction,VALVE SOFTWARE         425-8899642  WAUS,POS Transaction  VALVE SOFTWARE         425-8899642  WAUS,,-14.67,,3388.04,11/23/2013 0:00,
11/23/2013 20:45,ID2727,POS Transaction,FRED MEYER 040         PORTLAND     ORUS,POS Transaction  FRED MEYER 040         PORTLAND     ORUS,,-7.57,,3380.47,11/24/2013 0:00,
11/29/2013 2:19,ID2728,POS Transaction,STEAMPOWERED.COM       425-952-2785 WAUS,POS Transaction  STEAMPOWERED.COM       425-952-2785 WAUS,,-9.99,,3370.48,11/29/2013 0:00,
11/29/2013 23:58,ID2729,POS Transaction,STEAMPOWERED.COM       425-952-2785 WAUS,POS Transaction  STEAMPOWERED.COM       425-952-2785 WAUS,,-0.99,,3369.49,11/30/2013 0:00,
11/29/2013 23:58,ID2730,POS Transaction,STEAMPOWERED.COM       425-952-2785 WAUS,POS Transaction  STEAMPOWERED.COM       425-952-2785 WAUS,,-3.74,,3365.75,11/30/2013 0:00,
11/30/2013 15:21,ID2731,POS Transaction,UWAJIMAYA BEAVE 10500 S.W. HILLSDALE HWBEAVERTON    ORUS,POS Transaction UWAJIMAYA BEAVE 10500 S.W. HILLSDALE HWBEAVERTON    ORUS,,-16.06,,3349.69,12/1/2013 0:00,
11/30/2013 18:15,ID2732,Credit Dividend,,Credit Dividend ,,0.14,,3349.83,11/30/2013 0:00,
12/2/2013 9:54,ID2733,POS Transaction,STEAMPOWERED.COM       425-952-2785 WAUS,POS Transaction  STEAMPOWERED.COM       425-952-2785 WAUS,,-2.49,,3347.34,12/2/2013 0:00,
12/2/2013 20:44,ID2734,POS Transaction,VALVE SOFTWARE         425-8899642  WAUS,POS Transaction  VALVE SOFTWARE         425-8899642  WAUS,,-7.73,,3339.61,12/3/2013 0:00,
12/2/2013 20:44,ID2735,POS Transaction,VALVE SOFTWARE         425-8899642  WAUS,POS Transaction  VALVE SOFTWARE         425-8899642  WAUS,,-0.99,,3338.62,12/3/2013 0:00,
12/3/2013 11:59,ID2736,POS Transaction,TACO BELL #3163        TUALATIN     ORUS,POS Transaction  TACO BELL #3163        TUALATIN     ORUS,,-12.93,,3325.69,12/3/2013 0:00,
12/6/2013 20:34,ID2737,POS Transaction,VALVE SOFTWARE         425-8899642  WAUS,POS Transaction  VALVE SOFTWARE         425-8899642  WAUS,,-14.99,,3310.7,12/7/2013 0:00,
12/7/2013 20:22,ID2738,POS Transaction,SAFEWAY STORE     3136 PORTLAND     ORUS,POS Transaction  SAFEWAY STORE     3136 PORTLAND     ORUS,,-9.44,,3301.26,12/8/2013 0:00,
12/11/2013 19:51,ID2739,POS Transaction,FRED MEYER 393         TUALATIN     ORUS,POS Transaction  FRED MEYER 393         TUALATIN     ORUS,,-15.48,,3285.78,12/12/2013 0:00,
12/20/2013 20:20,ID2740,POS Transaction,SAFEWAY STORE     3136 PORTLAND     ORUS,POS Transaction  SAFEWAY STORE     3136 PORTLAND     ORUS,,-11.03,,3274.75,12/21/2013 0:00,
12/22/2013 3:48,ID2741,POS Transaction,STEAMPOWERED.COM       425-952-2785 WAUS,POS Transaction  STEAMPOWERED.COM       425-952-2785 WAUS,,-4.99,,3269.76,12/22/2013 0:00,
12/23/2013 19:35,ID2742,POS Transaction,VALVE SOFTWARE         425-8899642  WAUS,POS Transaction  VALVE SOFTWARE         425-8899642  WAUS,,-29.99,,3239.77,12/24/2013 0:00,
12/23/2013 19:35,ID2743,POS Transaction,VALVE SOFTWARE         425-8899642  WAUS,POS Transaction  VALVE SOFTWARE         425-8899642  WAUS,,-3.62,,3236.15,12/24/2013 0:00,
12/23/2013 22:03,ID2744,POS Transaction,FRED MEYER 393         TUALATIN     ORUS,POS Transaction  FRED MEYER 393         TUALATIN     ORUS,,-51.74,,3184.41,12/24/2013 0:00,
12/29/2013 3:05,ID2745,POS Transaction,STEAMPOWERED.COM       425-952-2785 WAUS,POS Transaction  STEAMPOWERED.COM       425-952-2785 WAUS,,-3.02,,3181.39,12/29/2013 0:00,
12/31/2013 14:22,ID2746,POS Transaction,FRED MEYER 393         TUALATIN     ORUS,POS Transaction  FRED MEYER 393         TUALATIN     ORUS,,-25.46,,3155.93,12/31/2013 0:00,
12/31/2013 16:06,ID2747,POS Transaction,TUALATIN PHARMACY      TUALATIN     ORUS,POS Transaction  TUALATIN PHARMACY      TUALATIN     ORUS,,-15,,3140.93,1/1/2014 0:00,
12/31/2013 21:14,ID2748,Credit Dividend,,Credit Dividend ,,0.14,,3141.07,12/31/2013 0:00,
1/1/2014 10:45,ID2749,POS Transaction,DOMINOS 7219          503-639-3300 ORUS,POS Transaction  DOMINOS 7219          503-639-3300 ORUS,,-62.84,,3078.23,1/1/2014 0:00,
1/3/2014 20:18,ID2750,POS Transaction,VALVE SOFTWARE         425-8899642  WAUS,POS Transaction  VALVE SOFTWARE         425-8899642  WAUS,,-3.51,,3074.72,1/4/2014 0:00,
1/8/2014 7:54,ID2751,POS Transaction,SUBWAY        00016493 TUALATIN     ORUS,POS Transaction  SUBWAY        00016493 TUALATIN     ORUS,,-7.5,,3067.22,1/8/2014 0:00,
1/10/2014 11:44,ID2752,POS Transaction,CARLS JR 7159         TUALATIN     ORUS,POS Transaction  CARLS JR 7159         TUALATIN     ORUS,,-8.28,,3058.94,1/10/2014 0:00,
1/10/2014 12:34,ID2753,POS Transaction,PORTLAND COMMUNITY COLLPORTLAND     ORUS,POS Transaction  PORTLAND COMMUNITY COLLPORTLAND     ORUS,,-74.95,,2983.99,1/10/2014 0:00,
1/11/2014 21:00,ID2754,POS Transaction,SAFEWAY STORE     3136 PORTLAND     ORUS,POS Transaction  SAFEWAY STORE     3136 PORTLAND     ORUS,,-10.98,,2973.01,1/12/2014 0:00,
1/14/2014 14:36,ID2755,POS Transaction,FRED MEYER 393         TUALATIN     ORUS,POS Transaction  FRED MEYER 393         TUALATIN     ORUS,,-19.92,,2953.09,1/14/2014 0:00,
1/16/2014 18:08,ID2756,POS Transaction,PCC SYLVANIA DINING    PORTLAND     ORUS,POS Transaction  PCC SYLVANIA DINING    PORTLAND     ORUS,,-5.25,,2947.84,1/17/2014 0:00,
1/17/2014 9:00,ID2757,POS Transaction,SUBWAY        00016493 TUALATIN     ORUS,POS Transaction  SUBWAY        00016493 TUALATIN     ORUS,,-6.25,,2941.59,1/17/2014 0:00,
1/17/2014 23:43,ID2758,POS Transaction,PCC PARKING            PORTLAND     ORUS,POS Transaction  PCC PARKING            PORTLAND     ORUS,,-5,,2936.59,1/18/2014 0:00,
1/20/2014 10:08,ID2759,POS Transaction,PANDA EXPRESS 1689     LAKE OSWEGO  ORUS,POS Transaction  PANDA EXPRESS 1689     LAKE OSWEGO  ORUS,,-6.59,,2930,1/20/2014 0:00,
1/20/2014 10:50,ID2760,POS Transaction,CARLS JR 7159         TUALATIN     ORUS,POS Transaction  CARLS JR 7159         TUALATIN     ORUS,,-8.28,,2921.72,1/20/2014 0:00,
1/20/2014 21:11,ID2761,POS Transaction,AMAZON.COM             SEATTLE      WAUS,POS Transaction  AMAZON.COM             SEATTLE      WAUS,,-12.22,,2909.5,1/21/2014 0:00,
1/25/2014 20:11,ID2762,POS Transaction,FRED MEYER 040         PORTLAND     ORUS,POS Transaction  FRED MEYER 040         PORTLAND     ORUS,,-16.02,,2893.48,1/26/2014 0:00,
1/28/2014 23:31,ID2763,POS Transaction,PCC PARKING            PORTLAND     ORUS,POS Transaction  PCC PARKING            PORTLAND     ORUS,,-5,,2888.48,1/29/2014 0:00,
1/30/2014 11:13,ID2764,POS Transaction,CARLS JR 7159         TUALATIN     ORUS,POS Transaction  CARLS JR 7159         TUALATIN     ORUS,,-8.88,,2879.6,1/30/2014 0:00,
1/30/2014 18:23,ID2765,POS Transaction,PCC SYLVANIA DINING    PORTLAND     ORUS,POS Transaction  PCC SYLVANIA DINING    PORTLAND     ORUS,,-5.6,,2874,1/31/2014 0:00,
1/30/2014 23:48,ID2766,POS Transaction,PCC PARKING            PORTLAND     ORUS,POS Transaction  PCC PARKING            PORTLAND     ORUS,,-5,,2869,1/31/2014 0:00,
1/31/2014 21:47,ID2767,Credit Dividend,,Credit Dividend ,,0.13,,2869.13,1/31/2014 0:00,
2/1/2014 11:51,ID2768,POS Transaction,FEDEX 803692393861     800-4633339  TNUS,POS Transaction  FEDEX 803692393861     800-4633339  TNUS,,-28.83,,2840.3,2/1/2014 0:00,
2/2/2014 1:22,ID2769,POS Transaction,INONE VENDING 5        HUNT VALLEY  MDUS,POS Transaction  INONE VENDING 5        HUNT VALLEY  MDUS,,-1.25,,2839.05,2/3/2014 0:00,
2/2/2014 9:17,ID2770,POS Transaction,COCA COLA WILSONVILLE O888-227-2653 ORUS,POS Transaction  COCA COLA WILSONVILLE O888-227-2653 ORUS,,-1.75,,2837.3,2/3/2014 0:00,
2/4/2014 18:26,ID2771,POS Transaction,PCC SYLVANIA DINING    PORTLAND     ORUS,POS Transaction  PCC SYLVANIA DINING    PORTLAND     ORUS,,-7,,2830.3,2/5/2014 0:00,
2/5/2014 0:34,ID2772,POS Transaction,INONE VENDING 2        HUNT VALLEY  MDUS,POS Transaction  INONE VENDING 2        HUNT VALLEY  MDUS,,-1.25,,2829.05,2/5/2014 0:00,
2/6/2014 12:40,ID2773,POS Transaction,CHEVRON 00098209       TIGARD       ORUS,POS Transaction  CHEVRON 00098209       TIGARD       ORUS,,-55.23,,2773.82,2/6/2014 0:00,
2/6/2014 18:27,ID2774,POS Transaction,PCC SYLVANIA DINING    PORTLAND     ORUS,POS Transaction  PCC SYLVANIA DINING    PORTLAND     ORUS,,-6,,2767.82,2/7/2014 0:00,
2/11/2014 17:51,ID2775,POS Transaction,FRED MEYER 393         TUALATIN     ORUS,POS Transaction  FRED MEYER 393         TUALATIN     ORUS,,-3.11,,2764.71,2/12/2014 0:00,
2/11/2014 18:14,ID2776,POS Transaction,PCC SYLVANIA DINING    PORTLAND     ORUS,POS Transaction  PCC SYLVANIA DINING    PORTLAND     ORUS,,-2.25,,2762.46,2/12/2014 0:00,
2/11/2014 18:14,ID2777,POS Transaction,PCC SYLVANIA DINING    PORTLAND     ORUS,POS Transaction  PCC SYLVANIA DINING    PORTLAND     ORUS,,-6.18,,2756.28,2/12/2014 0:00,
2/12/2014 0:42,ID2778,POS Transaction,INONE VENDING 2        HUNT VALLEY  MDUS,POS Transaction  INONE VENDING 2        HUNT VALLEY  MDUS,,-1.75,,2754.53,2/12/2014 0:00,
2/13/2014 18:15,ID2779,POS Transaction,PCC SYLVANIA DINING    PORTLAND     ORUS,POS Transaction  PCC SYLVANIA DINING    PORTLAND     ORUS,,-5.24,,2749.29,2/14/2014 0:00,
2/17/2014 21:47,ID2780,POS Transaction,THIRSTY LION PUB AND GRTIGARD       ORUS,POS Transaction  THIRSTY LION PUB AND GRTIGARD       ORUS,,-37.62,,2711.67,2/18/2014 0:00,
2/18/2014 13:44,ID2781,POS Transaction,HAGGEN FOOD AND PH     TUALATIN     ORUS,POS Transaction  HAGGEN FOOD AND PH     TUALATIN     ORUS,,-12.99,,2698.68,2/18/2014 0:00,
2/18/2014 18:15,ID2782,POS Transaction,PCC SYLVANIA DINING    PORTLAND     ORUS,POS Transaction  PCC SYLVANIA DINING    PORTLAND     ORUS,,-3.45,,2695.23,2/19/2014 0:00,
2/25/2014 19:53,ID2783,POS Transaction,510159630000057 STEAMPOWERED.COM       425-8899642  WAUS,POS Transaction 510159630000057 STEAMPOWERED.COM       425-8899642  WAUS,,-14.76,,2680.47,2/26/2014 0:00,
2/27/2014 18:19,ID2784,POS Transaction,34579062688 PCC SYLVANIA DINING    PORTLAND     ORUS,POS Transaction 34579062688 PCC SYLVANIA DINING    PORTLAND     ORUS,,-6.1,,2674.37,2/28/2014 0:00,
2/28/2014 21:54,ID2785,Credit Dividend,,Credit Dividend ,,0.11,,2674.48,2/28/2014 0:00,
3/2/2014 19:56,ID2786,POS Transaction,FRED MEYER 040         PORTLAND     ORUS,POS Transaction  FRED MEYER 040         PORTLAND     ORUS,,-27.68,,2646.8,3/3/2014 0:00,
3/4/2014 18:28,ID2787,POS Transaction,34579062688 PCC SYLVANIA DINING    PORTLAND     ORUS,POS Transaction 34579062688 PCC SYLVANIA DINING    PORTLAND     ORUS,,-6.7,,2640.1,3/5/2014 0:00,
3/6/2014 14:20,ID2788,POS Transaction,FRED MEYER 393         TUALATIN     ORUS,POS Transaction  FRED MEYER 393         TUALATIN     ORUS,,-6.97,,2633.13,3/6/2014 0:00,
3/6/2014 20:21,ID2789,POS Transaction,6320055957MDF1 MCDONALDS F5957       TUALATIN     ORUS,POS Transaction 6320055957MDF1 MCDONALDS F5957       TUALATIN     ORUS,,-10.45,,2622.68,3/7/2014 0:00,
3/8/2014 14:12,ID2790,POS Transaction,FRED MEYER 393         TUALATIN     ORUS,POS Transaction  FRED MEYER 393         TUALATIN     ORUS,,-27.61,,2595.07,3/8/2014 0:00,
3/11/2014 19:09,ID2791,POS Transaction,34579062688 PCC SYLVANIA DINING    PORTLAND     ORUS,POS Transaction 34579062688 PCC SYLVANIA DINING    PORTLAND     ORUS,,-2.25,,2592.82,3/12/2014 0:00,
3/13/2014 18:21,ID2792,POS Transaction,34579062688 PCC SYLVANIA DINING    PORTLAND     ORUS,POS Transaction 34579062688 PCC SYLVANIA DINING    PORTLAND     ORUS,,-7.44,,2585.38,3/14/2014 0:00,
3/13/2014 18:21,ID2793,POS Transaction,34579062688 PCC SYLVANIA DINING    PORTLAND     ORUS,POS Transaction 34579062688 PCC SYLVANIA DINING    PORTLAND     ORUS,,-1.7,,2583.68,3/14/2014 0:00,
3/17/2014 19:06,ID2794,POS Transaction,FRED MEYER 393         TUALATIN     ORUS,POS Transaction  FRED MEYER 393         TUALATIN     ORUS,,-16.44,,2567.24,3/18/2014 0:00,
3/18/2014 23:43,ID2795,POS Transaction,34579061288 PCC PARKING            PORTLAND     ORUS,POS Transaction 34579061288 PCC PARKING            PORTLAND     ORUS,,-5,,2562.24,3/19/2014 0:00,
3/20/2014 16:22,ID2796,POS Transaction,542929805464419 STEAMGAMES.COM         425-889-9642 WAUS,POS Transaction 542929805464419 STEAMGAMES.COM         425-889-9642 WAUS,,-2.49,,2559.75,3/21/2014 0:00,
3/22/2014 12:12,ID2797,POS Transaction,FRED MEYER 393         TUALATIN     ORUS,POS Transaction  FRED MEYER 393         TUALATIN     ORUS,,-21.73,,2538.02,3/22/2014 0:00,
3/23/2014 11:25,ID2798,POS Transaction,335030650881 TACO BELL #3163        TUALATIN     ORUS,POS Transaction 335030650881 TACO BELL #3163        TUALATIN     ORUS,,-6.97,,2531.05,3/23/2014 0:00,
3/25/2014 21:43,ID2799,POS Transaction,FRED MEYER 393         TUALATIN     ORUS,POS Transaction  FRED MEYER 393         TUALATIN     ORUS,,-7.37,,2523.68,3/26/2014 0:00,
3/26/2014 11:43,ID2800,POS Transaction,335030650881 TACO BELL #3163        TUALATIN     ORUS,POS Transaction 335030650881 TACO BELL #3163        TUALATIN     ORUS,,-8.34,,2515.34,3/26/2014 0:00,
3/30/2014 17:55,ID2801,POS Transaction,8788430013565 RUSSELL STREET BAR-B-Q PORTLAND     ORUS,POS Transaction 8788430013565 RUSSELL STREET BAR-B-Q PORTLAND     ORUS,,-52.5,,2462.84,3/31/2014 0:00,
3/30/2014 19:19,ID2802,POS Transaction,FRED MEYER 393         TUALATIN     ORUS,POS Transaction  FRED MEYER 393         TUALATIN     ORUS,,-17.95,,2444.89,3/31/2014 0:00,
3/31/2014 21:26,ID2803,Credit Dividend,,Credit Dividend ,,0.11,,2445,3/31/2014 0:00,
4/9/2014 3:39,ID2804,POS Transaction,222514000222145 MHE*MCGRAW-HILL ECOMM  800-648-3045 NYUS,POS Transaction 222514000222145 MHE*MCGRAW-HILL ECOMM  800-648-3045 NYUS,,-80,,2365,4/9/2014 0:00,
4/9/2014 11:40,ID2805,POS Transaction,335030650881 TACO BELL #3163        TUALATIN     ORUS,POS Transaction 335030650881 TACO BELL #3163        TUALATIN     ORUS,,-7.35,,2357.65,4/9/2014 0:00,
4/15/2014 14:58,ID2806,POS Transaction,FRED MEYER 393         TUALATIN     ORUS,POS Transaction  FRED MEYER 393         TUALATIN     ORUS,,-9.69,,2347.96,4/15/2014 0:00,
4/16/2014 11:08,ID2807,POS Transaction,4445011103911 CARLS JR 7159         TUALATIN     ORUS,POS Transaction 4445011103911 CARLS JR 7159         TUALATIN     ORUS,,-9.58,,2338.38,4/16/2014 0:00,
4/17/2014 16:37,ID2808,POS Transaction,FRED MEYER 393         TUALATIN     ORUS,POS Transaction  FRED MEYER 393         TUALATIN     ORUS,,-2.78,,2335.6,4/18/2014 0:00,
4/17/2014 18:52,ID2809,POS Transaction,34579062688 PCC SYLVANIA DINING    PORTLAND     ORUS,POS Transaction 34579062688 PCC SYLVANIA DINING    PORTLAND     ORUS,,-8.38,,2327.22,4/18/2014 0:00,
4/19/2014 15:39,ID2810,POS Transaction,FRED MEYER 040         PORTLAND     ORUS,POS Transaction  FRED MEYER 040         PORTLAND     ORUS,,-3.88,,2323.34,4/20/2014 0:00,
4/20/2014 17:27,ID2811,POS Transaction,650000006122215 SHARIS OF GARDEN HOME 2PORTLAND     ORUS,POS Transaction 650000006122215 SHARIS OF GARDEN HOME 2PORTLAND     ORUS,,-46.45,,2276.89,4/21/2014 0:00,
4/21/2014 21:33,ID2812,ACH Deposit,OR REVENUE DEPT  - TAX REFUND,ACH Deposit OR REVENUE DEPT  - TAX REFUND,,297,,2573.89,4/22/2014 0:00,
4/23/2014 3:37,ID2813,ACH Deposit,TAX PRODUCTS PE3 ORIG SUNRISE BANKS - SBTPG LLC,ACH Deposit TAX PRODUCTS PE3 ORIG SUNRISE BANKS - SBTPG LLC,,323.02,,2896.91,4/23/2014 0:00,
4/23/2014 20:40,ID2814,POS Transaction,35-8023300828 ORIGINAL BAVARIAN SAUSATIGARD       ORUS,POS Transaction 35-8023300828 ORIGINAL BAVARIAN SAUSATIGARD       ORUS,,-10.55,,2886.36,4/24/2014 0:00,
4/24/2014 14:32,ID2815,POS Transaction,FRED MEYER 393         TUALATIN     ORUS,POS Transaction  FRED MEYER 393         TUALATIN     ORUS,,-17.78,,2868.58,4/24/2014 0:00,
4/27/2014 18:47,ID2816,POS Transaction,FRED MEYER 393         TUALATIN     ORUS,POS Transaction  FRED MEYER 393         TUALATIN     ORUS,,-7.45,,2861.13,4/28/2014 0:00,
4/30/2014 21:50,ID2817,Credit Dividend,,Credit Dividend ,,3.25,,2864.38,4/30/2014 0:00,
5/6/2014 14:15,ID2818,POS Transaction,PLAID PANTRY #16 19405 SW BOONES FERRY RTUALATIN     ORUS,POS Transaction PLAID PANTRY #16 19405 SW BOONES FERRY RTUALATIN     ORUS,,-0.99,,2863.39,5/6/2014 0:00,
5/6/2014 18:31,ID2819,POS Transaction,34579062688 PCC SYLVANIA DINING    PORTLAND     ORUS,POS Transaction 34579062688 PCC SYLVANIA DINING    PORTLAND     ORUS,,-4.95,,2858.44,5/7/2014 0:00,
5/10/2014 18:39,ID2820,POS Transaction,WINCO FOODS 7500 DARTMOTigard       ORUS,POS Transaction  WINCO FOODS 7500 DARTMOTigard       ORUS,,-20.2,,2838.24,5/11/2014 0:00,
5/11/2014 16:40,ID2821,POS Transaction,FRED MEYER 393         TUALATIN     ORUS,POS Transaction  FRED MEYER 393         TUALATIN     ORUS,,-9.08,,2829.16,5/12/2014 0:00,
5/11/2014 20:36,ID2822,POS Transaction,530960670100155 SUSHI HANA             TIGARD       ORUS,POS Transaction 530960670100155 SUSHI HANA             TIGARD       ORUS,,-25.3,,2803.86,5/12/2014 0:00,
5/15/2014 8:56,ID2823,POS Transaction,19-80207046 COCA COLA WILSONVILLE O888-227-2653 ORUS,POS Transaction 19-80207046 COCA COLA WILSONVILLE O888-227-2653 ORUS,,-1.75,,2802.11,5/15/2014 0:00,
5/20/2014 15:22,ID2824,POS Transaction,FRED MEYER 393         TUALATIN     ORUS,POS Transaction  FRED MEYER 393         TUALATIN     ORUS,,-17.79,,2784.32,5/21/2014 0:00,
5/20/2014 18:30,ID2825,POS Transaction,34579062688 PCC SYLVANIA DINING    PORTLAND     ORUS,POS Transaction 34579062688 PCC SYLVANIA DINING    PORTLAND     ORUS,,-3.25,,2781.07,5/21/2014 0:00,
5/21/2014 11:28,ID2826,POS Transaction,335030650881 TACO BELL #3163        TUALATIN     ORUS,POS Transaction 335030650881 TACO BELL #3163        TUALATIN     ORUS,,-13.42,,2767.65,5/21/2014 0:00,
5/22/2014 18:31,ID2827,POS Transaction,34579062688 PCC SYLVANIA DINING    PORTLAND     ORUS,POS Transaction 34579062688 PCC SYLVANIA DINING    PORTLAND     ORUS,,-4.25,,2763.4,5/23/2014 0:00,
5/29/2014 9:02,ID2828,POS Transaction,19-80207046 COCA COLA WILSONVILLE O888-227-2653 ORUS,POS Transaction 19-80207046 COCA COLA WILSONVILLE O888-227-2653 ORUS,,-1.5,,2761.9,5/29/2014 0:00,
5/29/2014 18:28,ID2829,POS Transaction,34579062688 PCC SYLVANIA DINING    PORTLAND     ORUS,POS Transaction 34579062688 PCC SYLVANIA DINING    PORTLAND     ORUS,,-6.25,,2755.65,5/30/2014 0:00,
5/30/2014 8:30,ID2830,POS Transaction,19-80207046 COCA COLA WILSONVILLE O888-227-2653 ORUS,POS Transaction 19-80207046 COCA COLA WILSONVILLE O888-227-2653 ORUS,,-1.5,,2754.15,5/30/2014 0:00,
5/31/2014 18:59,ID2831,Credit Dividend,,Credit Dividend ,,0.12,,2754.27,5/31/2014 0:00,
6/3/2014 12:15,ID2832,POS Transaction,335030650881 TACO BELL #3163        TUALATIN     ORUS,POS Transaction 335030650881 TACO BELL #3163        TUALATIN     ORUS,,-10.43,,2743.84,6/3/2014 0:00,
6/4/2014 10:58,ID2833,POS Transaction,19-80207046 COCA COLA WILSONVILLE O888-227-2653 ORUS,POS Transaction 19-80207046 COCA COLA WILSONVILLE O888-227-2653 ORUS,,-1.5,,2742.34,6/4/2014 0:00,
6/5/2014 23:54,ID2834,POS Transaction,34579061288 PCC PARKING            PORTLAND     ORUS,POS Transaction 34579061288 PCC PARKING            PORTLAND     ORUS,,-4,,2738.34,6/6/2014 0:00,
6/7/2014 15:59,ID2835,POS Transaction,UWAJIMAYA BEAVE 10500 S.W. HILLSDALE HWBEAVERTON    ORUS,POS Transaction UWAJIMAYA BEAVE 10500 S.W. HILLSDALE HWBEAVERTON    ORUS,,-17.03,,2721.31,6/8/2014 0:00,
6/10/2014 13:31,ID2836,POS Transaction,FRED MEYER 393         TUALATIN     ORUS,POS Transaction  FRED MEYER 393         TUALATIN     ORUS,,-9.09,,2712.22,6/10/2014 0:00,
6/10/2014 16:33,ID2837,POS Transaction,542929804217024 GUSTAVS PUB  GRI     PORTLAND     ORUS,POS Transaction 542929804217024 GUSTAVS PUB  GRI     PORTLAND     ORUS,,-29.2,,2683.02,6/11/2014 0:00,
6/12/2014 14:01,ID2838,POS Transaction,FRED MEYER 393         TUALATIN     ORUS,POS Transaction  FRED MEYER 393         TUALATIN     ORUS,,-10.13,,2672.89,6/12/2014 0:00,
6/13/2014 11:31,ID2839,POS Transaction,356171143882 BUFFALO WILD WINGS #357TUALATIN     ORUS,POS Transaction 356171143882 BUFFALO WILD WINGS #357TUALATIN     ORUS,,-19.57,,2653.32,6/13/2014 0:00,
6/18/2014 11:47,ID2840,POS Transaction,335030650881 TACO BELL #3163        TUALATIN     ORUS,POS Transaction 335030650881 TACO BELL #3163        TUALATIN     ORUS,,-10.74,,2642.58,6/18/2014 0:00,
6/22/2014 18:31,ID2841,POS Transaction,542929805472313 STEAMGAMES.COM         425-889-9642 WAUS,POS Transaction 542929805472313 STEAMGAMES.COM         425-889-9642 WAUS,,-2.9,,2639.68,6/23/2014 0:00,
6/24/2014 3:34,ID2842,ACH Deposit,Google Inc. EDI - EDI PYMNTS,ACH Deposit Google Inc. EDI - EDI PYMNTS,,100.39,,2740.07,6/24/2014 0:00,
6/26/2014 0:51,ID2843,POS Transaction,650000006643467 INONE VENDING 2        HUNT VALLEY  MDUS,POS Transaction 650000006643467 INONE VENDING 2        HUNT VALLEY  MDUS,,-1.25,,2738.82,6/26/2014 0:00,
6/26/2014 9:06,ID2844,POS Transaction,19-80207046 COCA COLA WILSONVILLE O888-227-2653 ORUS,POS Transaction 19-80207046 COCA COLA WILSONVILLE O888-227-2653 ORUS,,-1.5,,2737.32,6/26/2014 0:00,
6/27/2014 11:10,ID2845,POS Transaction,4445011103911 CARLS JR 7159         TUALATIN     ORUS,POS Transaction 4445011103911 CARLS JR 7159         TUALATIN     ORUS,,-8.38,,2728.94,6/27/2014 0:00,
6/27/2014 17:07,ID2846,POS Transaction,8788290265835 WORKING CLASS ACUPUNCT PORTLAND     ORUS,POS Transaction 8788290265835 WORKING CLASS ACUPUNCT PORTLAND     ORUS,,-10,,2718.94,6/28/2014 0:00,
6/28/2014 22:51,ID2847,POS Transaction,SAFEWAY STORE     3136 PORTLAND     ORUS,POS Transaction  SAFEWAY STORE     3136 PORTLAND     ORUS,,-25.45,,2693.49,6/29/2014 0:00,
6/29/2014 3:10,ID2848,POS Transaction,426173491991 FLYING PIE PIZZERIA    LAKE OSWEGO  ORUS,POS Transaction 426173491991 FLYING PIE PIZZERIA    LAKE OSWEGO  ORUS,,-42.2,,2651.29,6/29/2014 0:00,
6/30/2014 20:14,ID2849,POS Transaction,510159630000057 STEAMPOWERED.COM       425-8899642  WAUS,POS Transaction 510159630000057 STEAMPOWERED.COM       425-8899642  WAUS,,-5.99,,2645.3,7/1/2014 0:00,
6/30/2014 22:04,ID2850,Credit Dividend,,Credit Dividend ,,3.48,,2648.78,6/30/2014 0:00,
7/1/2014 0:42,ID2851,POS Transaction,650000006643467 INONE VENDING 2        HUNT VALLEY  MDUS,POS Transaction 650000006643467 INONE VENDING 2        HUNT VALLEY  MDUS,,-1.25,,2647.53,7/1/2014 0:00,
7/1/2014 20:21,ID2852,POS Transaction,510159630000057 STEAMPOWERED.COM       425-8899642  WAUS,POS Transaction 510159630000057 STEAMPOWERED.COM       425-8899642  WAUS,,-6.99,,2640.54,7/2/2014 0:00,
7/4/2014 12:50,ID2853,POS Transaction,335030650881 TACO BELL #3163        TUALATIN     ORUS,POS Transaction 335030650881 TACO BELL #3163        TUALATIN     ORUS,,-10.08,,2630.46,7/4/2014 0:00,
7/8/2014 8:17,ID2854,POS Transaction,19-80207046 COCA COLA WILSONVILLE O888-227-2653 ORUS,POS Transaction 19-80207046 COCA COLA WILSONVILLE O888-227-2653 ORUS,,-1.5,,2628.96,7/8/2014 0:00,
7/10/2014 1:14,ID2855,POS Transaction,650000006727062 INONE VENDING 5        HUNT VALLEY  MDUS,POS Transaction 650000006727062 INONE VENDING 5        HUNT VALLEY  MDUS,,-1.25,,2627.71,7/10/2014 0:00,
7/10/2014 8:18,ID2856,POS Transaction,19-80207046 COCA COLA WILSONVILLE O888-227-2653 ORUS,POS Transaction 19-80207046 COCA COLA WILSONVILLE O888-227-2653 ORUS,,-1.5,,2626.21,7/10/2014 0:00,
7/10/2014 9:16,ID2857,POS Transaction,25500000016493 SUBWAY        00016493 TUALATIN     ORUS,POS Transaction 25500000016493 SUBWAY        00016493 TUALATIN     ORUS,,-5.5,,2620.71,7/10/2014 0:00,
7/10/2014 21:34,ID2858,POS Transaction,SAFEWAY STORE     3136 PORTLAND     ORUS,POS Transaction  SAFEWAY STORE     3136 PORTLAND     ORUS,,-23.99,,2596.72,7/11/2014 0:00,
7/11/2014 17:34,ID2859,POS Transaction,8788430013565 RUSSELL STREET BAR-B-Q PORTLAND     ORUS,POS Transaction 8788430013565 RUSSELL STREET BAR-B-Q PORTLAND     ORUS,,-17.25,,2579.47,7/12/2014 0:00,
7/14/2014 19:52,ID2860,POS Transaction,510159630000057 STEAMPOWERED.COM       425-8899642  WAUS,POS Transaction 510159630000057 STEAMPOWERED.COM       425-8899642  WAUS,,-4.89,,2574.58,7/15/2014 0:00,
7/14/2014 19:52,ID2861,POS Transaction,510159630000057 STEAMPOWERED.COM       425-8899642  WAUS,POS Transaction 510159630000057 STEAMPOWERED.COM       425-8899642  WAUS,,-3.49,,2571.09,7/15/2014 0:00,
7/15/2014 9:19,ID2862,POS Transaction,19-80207046 COCA COLA WILSONVILLE O888-227-2653 ORUS,POS Transaction 19-80207046 COCA COLA WILSONVILLE O888-227-2653 ORUS,,-1.5,,2569.59,7/15/2014 0:00,
7/15/2014 9:29,ID2863,POS Transaction,25500000016493 SUBWAY        00016493 TUALATIN     ORUS,POS Transaction 25500000016493 SUBWAY        00016493 TUALATIN     ORUS,,-6.75,,2562.84,7/15/2014 0:00,
7/15/2014 13:35,ID2864,POS Transaction,FRED MEYER 393         TUALATIN     ORUS,POS Transaction  FRED MEYER 393         TUALATIN     ORUS,,-17.6,,2545.24,7/15/2014 0:00,
7/22/2014 0:48,ID2865,POS Transaction,650000006643467 INONE VENDING 2        HUNT VALLEY  MDUS,POS Transaction 650000006643467 INONE VENDING 2        HUNT VALLEY  MDUS,,-1.75,,2543.49,7/22/2014 0:00,
7/22/2014 0:50,ID2866,POS Transaction,650000006727062 INONE VENDING 5        HUNT VALLEY  MDUS,POS Transaction 650000006727062 INONE VENDING 5        HUNT VALLEY  MDUS,,-1.5,,2541.99,7/22/2014 0:00,
7/22/2014 0:50,ID2867,POS Transaction,650000006727062 INONE VENDING 5        HUNT VALLEY  MDUS,POS Transaction 650000006727062 INONE VENDING 5        HUNT VALLEY  MDUS,,-1.5,,2540.49,7/22/2014 0:00,
7/22/2014 15:32,ID2868,POS Transaction,19-80207046 COCA COLA WILSONVILLE O888-227-2653 ORUS,POS Transaction 19-80207046 COCA COLA WILSONVILLE O888-227-2653 ORUS,,-1.5,,2538.99,7/23/2014 0:00,
7/24/2014 9:16,ID2869,POS Transaction,19-80207046 COCA COLA WILSONVILLE O888-227-2653 ORUS,POS Transaction 19-80207046 COCA COLA WILSONVILLE O888-227-2653 ORUS,,-1.75,,2537.24,7/24/2014 0:00,
7/24/2014 12:00,ID2870,POS Transaction,335030650881 TACO BELL #3163        TUALATIN     ORUS,POS Transaction 335030650881 TACO BELL #3163        TUALATIN     ORUS,,-10.64,,2526.6,7/24/2014 0:00,
7/25/2014 18:29,ID2871,POS Transaction,317730282826 TUALATIN LIBRARY KIOSK TUALATIN     ORUS,POS Transaction 317730282826 TUALATIN LIBRARY KIOSK TUALATIN     ORUS,,-6,,2520.6,7/26/2014 0:00,
7/26/2014 23:25,ID2872,POS Transaction,376258846991 JERSEY MIKES SUBS 3200TUALATIN     ORUS,POS Transaction 376258846991 JERSEY MIKES SUBS 3200TUALATIN     ORUS,,-10.8,,2509.8,7/27/2014 0:00,
7/29/2014 1:08,ID2873,POS Transaction,650000006727062 INONE VENDING 5        HUNT VALLEY  MDUS,POS Transaction 650000006727062 INONE VENDING 5        HUNT VALLEY  MDUS,,-1.5,,2508.3,7/29/2014 0:00,
7/29/2014 8:37,ID2874,POS Transaction,19-80207046 COCA COLA WILSONVILLE O888-227-2653 ORUS,POS Transaction 19-80207046 COCA COLA WILSONVILLE O888-227-2653 ORUS,,-1.75,,2506.55,7/29/2014 0:00,
7/30/2014 11:08,ID2875,POS Transaction,4445011103911 CARLS JR 7159         TUALATIN     ORUS,POS Transaction 4445011103911 CARLS JR 7159         TUALATIN     ORUS,,-8.38,,2498.17,7/30/2014 0:00,
7/31/2014 0:53,ID2876,POS Transaction,650000006727062 INONE VENDING 5        HUNT VALLEY  MDUS,POS Transaction 650000006727062 INONE VENDING 5        HUNT VALLEY  MDUS,,-1.25,,2496.92,7/31/2014 0:00,
7/31/2014 0:53,ID2877,POS Transaction,650000006727062 INONE VENDING 5        HUNT VALLEY  MDUS,POS Transaction 650000006727062 INONE VENDING 5        HUNT VALLEY  MDUS,,-1,,2495.92,7/31/2014 0:00,
7/31/2014 8:46,ID2878,POS Transaction,19-80207046 COCA COLA WILSONVILLE O888-227-2653 ORUS,POS Transaction 19-80207046 COCA COLA WILSONVILLE O888-227-2653 ORUS,,-1.75,,2494.17,7/31/2014 0:00,
7/31/2014 18:31,ID2879,POS Transaction,34579062688 PCC SYLVANIA DINING    PORTLAND     ORUS,POS Transaction 34579062688 PCC SYLVANIA DINING    PORTLAND     ORUS,,-6.58,,2487.59,8/1/2014 0:00,
7/31/2014 20:00,ID2880,POS Transaction,FRED MEYER 393         TUALATIN     ORUS,POS Transaction  FRED MEYER 393         TUALATIN     ORUS,,-11.99,,2475.6,8/1/2014 0:00,
7/31/2014 23:47,ID2881,Credit Dividend,,Credit Dividend ,,0.11,,2475.71,7/31/2014 0:00,
8/1/2014 3:02,ID2882,POS Transaction,19-80207046 COCA COLA WILSONVILLE O888-227-2653 ORUS,POS Transaction 19-80207046 COCA COLA WILSONVILLE O888-227-2653 ORUS,,-0.75,,2474.96,8/1/2014 0:00,
8/3/2014 14:51,ID2883,POS Transaction,42617706099 TACO DEL SOL INC       TIGARD       ORUS,POS Transaction 42617706099 TACO DEL SOL INC       TIGARD       ORUS,,-9.74,,2465.22,8/3/2014 0:00,
8/3/2014 15:45,ID2884,POS Transaction,FRED MEYER 393         TUALATIN     ORUS,POS Transaction  FRED MEYER 393         TUALATIN     ORUS,,-3.29,,2461.93,8/4/2014 0:00,
8/4/2014 3:59,ID2885,ACH Deposit,PAYPAL TRANSFER - TRANSFER,ACH Deposit PAYPAL TRANSFER - TRANSFER,,120,,2581.93,8/4/2014 0:00,
8/5/2014 0:39,ID2886,POS Transaction,650000006727062 INONE VENDING 5        HUNT VALLEY  MDUS,POS Transaction 650000006727062 INONE VENDING 5        HUNT VALLEY  MDUS,,-1.25,,2580.68,8/5/2014 0:00,
8/5/2014 1:11,ID2887,POS Transaction,650000006727062 INONE VENDING 5        HUNT VALLEY  MDUS,POS Transaction 650000006727062 INONE VENDING 5        HUNT VALLEY  MDUS,,-1.5,,2579.18,8/5/2014 0:00,
8/5/2014 15:25,ID2888,POS Transaction,19-80207046 COCA COLA WILSONVILLE O888-227-2653 ORUS,POS Transaction 19-80207046 COCA COLA WILSONVILLE O888-227-2653 ORUS,,-1.5,,2577.68,8/6/2014 0:00,
8/7/2014 3:34,ID2889,POS Transaction,35617008888 BELLAGIOS PIZZA        PORTLAND     ORUS,POS Transaction 35617008888 BELLAGIOS PIZZA        PORTLAND     ORUS,,-4,,2573.68,8/7/2014 0:00,
8/7/2014 9:05,ID2890,POS Transaction,19-80207046 COCA COLA WILSONVILLE O888-227-2653 ORUS,POS Transaction 19-80207046 COCA COLA WILSONVILLE O888-227-2653 ORUS,,-1.75,,2571.93,8/7/2014 0:00,
8/7/2014 15:59,ID2891,POS Transaction,FRED MEYER 393         TUALATIN     ORUS,POS Transaction  FRED MEYER 393         TUALATIN     ORUS,,-49.47,,2522.46,8/8/2014 0:00,
8/9/2014 12:33,ID2892,POS Transaction,335030650881 TACO BELL #3163        TUALATIN     ORUS,POS Transaction 335030650881 TACO BELL #3163        TUALATIN     ORUS,,-11.64,,2510.82,8/9/2014 0:00,
8/11/2014 15:35,ID2893,POS Transaction,FRED MEYER 393         TUALATIN     ORUS,POS Transaction  FRED MEYER 393         TUALATIN     ORUS,,-2.57,,2508.25,8/12/2014 0:00,
8/12/2014 18:26,ID2894,POS Transaction,34579062688 PCC SYLVANIA DINING    PORTLAND     ORUS,POS Transaction 34579062688 PCC SYLVANIA DINING    PORTLAND     ORUS,,-4.95,,2503.3,8/13/2014 0:00,
8/13/2014 21:26,ID2895,POS Transaction,FRED MEYER 393         TUALATIN     ORUS,POS Transaction  FRED MEYER 393         TUALATIN     ORUS,,-29.83,,2473.47,8/14/2014 0:00,
8/14/2014 1:02,ID2896,POS Transaction,650000006643467 INONE VENDING 2        HUNT VALLEY  MDUS,POS Transaction 650000006643467 INONE VENDING 2        HUNT VALLEY  MDUS,,-0.75,,2472.72,8/14/2014 0:00,
8/16/2014 20:41,ID2897,POS Transaction,FRED MEYER 040         PORTLAND     ORUS,POS Transaction  FRED MEYER 040         PORTLAND     ORUS,,-21.19,,2451.53,8/17/2014 0:00,
8/22/2014 20:24,ID2898,POS Transaction,510159630000057 STEAMPOWERED.COM       425-8899642  WAUS,POS Transaction 510159630000057 STEAMPOWERED.COM       425-8899642  WAUS,,-16.42,,2435.11,8/23/2014 0:00,
8/28/2014 8:43,ID2899,POS Transaction,3-8015464103 ECOLA SEAFOODS RESTAURACANNON BEACH ORUS,POS Transaction 3-8015464103 ECOLA SEAFOODS RESTAURACANNON BEACH ORUS,,-14.78,,2420.33,8/28/2014 0:00,
8/31/2014 20:11,ID2900,Credit Dividend,,Credit Dividend ,,3.3,,2423.63,8/31/2014 0:00,
9/1/2014 18:47,ID2901,POS Transaction,8788430013565 RUSSELL STREET BAR-B-Q PORTLAND     ORUS,POS Transaction 8788430013565 RUSSELL STREET BAR-B-Q PORTLAND     ORUS,,-40,,2383.63,9/2/2014 0:00,
9/1/2014 19:46,ID2902,POS Transaction,6320055957MDF1 MCDONALDS F5957       TUALATIN     ORUS,POS Transaction 6320055957MDF1 MCDONALDS F5957       TUALATIN     ORUS,,-7.3,,2376.33,9/2/2014 0:00,
9/2/2014 20:57,ID2903,POS Transaction,FRED MEYER 393         TUALATIN     ORUS,POS Transaction  FRED MEYER 393         TUALATIN     ORUS,,-4.79,,2371.54,9/3/2014 0:00,
9/3/2014 18:46,ID2904,POS Transaction,18841800005336 SQ *WHATS THE SCOOP?  Portland     ORUS,POS Transaction 18841800005336 SQ *WHATS THE SCOOP?  Portland     ORUS,,-12.94,,2358.6,9/4/2014 0:00,
9/3/2014 21:43,ID2905,POS Transaction,FRED MEYER 040         PORTLAND     ORUS,POS Transaction  FRED MEYER 040         PORTLAND     ORUS,,-19.94,,2338.66,9/4/2014 0:00,
9/13/2014 16:00,ID2906,POS Transaction,FRED MEYER 040         PORTLAND     ORUS,POS Transaction  FRED MEYER 040         PORTLAND     ORUS,,-17.62,,2321.04,9/14/2014 0:00,
9/14/2014 10:31,ID2907,POS Transaction,525881901139051 BAJA FRESH BARBUR      PORTLAND     ORUS,POS Transaction 525881901139051 BAJA FRESH BARBUR      PORTLAND     ORUS,,-7.59,,2313.45,9/14/2014 0:00,
9/17/2014 11:35,ID2908,POS Transaction,335030650881 TACO BELL #3163        TUALATIN     ORUS,POS Transaction 335030650881 TACO BELL #3163        TUALATIN     ORUS,,-20.03,,2293.42,9/17/2014 0:00,
9/17/2014 11:42,ID2909,POS Transaction,FRED MEYER 393         TUALATIN     ORUS,POS Transaction  FRED MEYER 393         TUALATIN     ORUS,,-8.98,,2284.44,9/17/2014 0:00,
9/17/2014 20:21,ID2910,POS Transaction,510159630000057 STEAMPOWERED.COM       425-8899642  WAUS,POS Transaction 510159630000057 STEAMPOWERED.COM       425-8899642  WAUS,,-13.55,,2270.89,9/18/2014 0:00,
9/19/2014 20:26,ID2911,POS Transaction,542929805472313 STEAMGAMES.COM         425-889-9642 WAUS,POS Transaction 542929805472313 STEAMGAMES.COM         425-889-9642 WAUS,,-3.75,,2267.14,9/20/2014 0:00,
9/21/2014 12:18,ID2912,POS Transaction,4445011103911 CARLS JR 7159         TUALATIN     ORUS,POS Transaction 4445011103911 CARLS JR 7159         TUALATIN     ORUS,,-16.98,,2250.16,9/21/2014 0:00,
9/22/2014 10:31,ID2913,POS Transaction,4445001104711 MACYS EAST #392       TIGARD       ORUS,POS Transaction 4445001104711 MACYS EAST #392       TIGARD       ORUS,,-42,,2208.16,9/22/2014 0:00,
9/22/2014 19:37,ID2914,POS Transaction,510159630000057 STEAMPOWERED.COM       425-8899642  WAUS,POS Transaction 510159630000057 STEAMPOWERED.COM       425-8899642  WAUS,,-8.75,,2199.41,9/23/2014 0:00,
9/23/2014 18:07,ID2915,POS Transaction,34579062688 PCC SYLVANIA DINING    PORTLAND     ORUS,POS Transaction 34579062688 PCC SYLVANIA DINING    PORTLAND     ORUS,,-4.95,,2194.46,9/24/2014 0:00,
9/24/2014 1:22,ID2916,POS Transaction,4445001104711 MACYS EAST #392       800-289-6229 ORUS,POS Transaction 4445001104711 MACYS EAST #392       800-289-6229 ORUS,,-79.99,,2114.47,9/24/2014 0:00,
9/25/2014 16:46,ID2917,POS Transaction,FRED MEYER 393         TUALATIN     ORUS,POS Transaction  FRED MEYER 393         TUALATIN     ORUS,,-25.93,,2088.54,9/26/2014 0:00,
9/28/2014 15:47,ID2918,POS Transaction,THE MENS WEARHOUSE 16940 SW 72ND AVE      TIGARD       ORUS,POS Transaction THE MENS WEARHOUSE 16940 SW 72ND AVE      TIGARD       ORUS,,-111.99,,1976.55,9/29/2014 0:00,
9/30/2014 22:24,ID2919,Credit Dividend,,Credit Dividend ,,0.09,,1976.64,9/30/2014 0:00,
10/1/2014 7:20,ID2920,POS Transaction,650000006727062 INONE VENDING 5        HUNT VALLEY  MDUS,POS Transaction 650000006727062 INONE VENDING 5        HUNT VALLEY  MDUS,,-2,,1974.64,10/1/2014 0:00,
10/2/2014 18:54,ID2921,POS Transaction,34579062688 PCC SYLVANIA DINING    PORTLAND     ORUS,POS Transaction 34579062688 PCC SYLVANIA DINING    PORTLAND     ORUS,,-6.2,,1968.44,10/3/2014 0:00,
10/3/2014 0:52,ID2922,POS Transaction,650000006643467 INONE VENDING 2        HUNT VALLEY  MDUS,POS Transaction 650000006643467 INONE VENDING 2        HUNT VALLEY  MDUS,,-1,,1967.44,10/3/2014 0:00,
10/3/2014 0:52,ID2923,POS Transaction,650000006643467 INONE VENDING 2        HUNT VALLEY  MDUS,POS Transaction 650000006643467 INONE VENDING 2        HUNT VALLEY  MDUS,,-1,,1966.44,10/3/2014 0:00,
10/3/2014 8:33,ID2924,POS Transaction,19-80207046 COCA COLA WILSONVILLE O888-227-2653 ORUS,POS Transaction 19-80207046 COCA COLA WILSONVILLE O888-227-2653 ORUS,,-2.5,,1963.94,10/3/2014 0:00,
10/3/2014 18:47,ID2925,POS Transaction,FRED MEYER 393         TUALATIN     ORUS,POS Transaction  FRED MEYER 393         TUALATIN     ORUS,,-22.02,,1941.92,10/4/2014 0:00,
10/4/2014 3:27,ID2926,POS Transaction,178049218997 JACK IN THE BOX #7155  TUALATIN     ORUS,POS Transaction 178049218997 JACK IN THE BOX #7155  TUALATIN     ORUS,,-7.08,,1934.84,10/4/2014 0:00,
10/12/2014 0:47,ID2927,POS Transaction,520612901031367 CRITERION.COM          914-725-7881 NYUS,POS Transaction 520612901031367 CRITERION.COM          914-725-7881 NYUS,,-25.92,,1908.92,10/12/2014 0:00,
10/13/2014 22:18,ID2928,POS Transaction,FRED MEYER 393         TUALATIN     ORUS,POS Transaction  FRED MEYER 393         TUALATIN     ORUS,,-19.43,,1889.49,10/14/2014 0:00,
10/15/2014 0:44,ID2929,POS Transaction,650000006643467 INONE VENDING 2        HUNT VALLEY  MDUS,POS Transaction 650000006643467 INONE VENDING 2        HUNT VALLEY  MDUS,,-1.4,,1888.09,10/15/2014 0:00,
10/15/2014 22:18,ID2930,POS Transaction,65287386 AVANGATE*MAKEMKV.COM   AMSTERDAM      NL,POS Transaction 65287386 AVANGATE*MAKEMKV.COM   AMSTERDAM      NL,,-50,,1838.09,10/16/2014 0:00,
10/17/2014 17:12,ID2931,POS Transaction,19-80207046 COCA COLA WILSONVILLE O888-227-2653 ORUS,POS Transaction 19-80207046 COCA COLA WILSONVILLE O888-227-2653 ORUS,,-0.75,,1837.34,10/18/2014 0:00,
10/18/2014 19:56,ID2932,POS Transaction,SAFEWAY STORE     3136 PORTLAND     ORUS,POS Transaction  SAFEWAY STORE     3136 PORTLAND     ORUS,,-13.35,,1823.99,10/19/2014 0:00,
10/22/2014 0:36,ID2933,POS Transaction,34579062688 PCC SYLVANIA DINING    PORTLAND     ORUS,POS Transaction 34579062688 PCC SYLVANIA DINING    PORTLAND     ORUS,,-4.95,,1819.04,10/22/2014 0:00,
10/24/2014 12:17,ID2934,POS Transaction,335030650881 TACO BELL #3163        TUALATIN     ORUS,POS Transaction 335030650881 TACO BELL #3163        TUALATIN     ORUS,,-9.15,,1809.89,10/24/2014 0:00,
10/25/2014 16:51,ID2935,POS Transaction,JOHN HELMER HABERDASHER I 969 SW BROADWAY        PORTLAND,POS Transaction JOHN HELMER HABERDASHER I 969 SW BROADWAY        PORTLAND,,-122,,1687.89,10/26/2014 0:00,
10/25/2014 23:43,ID2936,POS Transaction,542929801332842 POTBELLY 284           PORTLAND     ORUS,POS Transaction 542929801332842 POTBELLY 284           PORTLAND     ORUS,,-10.1,,1677.79,10/26/2014 0:00,
10/28/2014 18:30,ID2937,POS Transaction,34579062688 PCC SYLVANIA DINING    PORTLAND     ORUS,POS Transaction 34579062688 PCC SYLVANIA DINING    PORTLAND     ORUS,,-8.88,,1668.91,10/29/2014 0:00,
10/30/2014 3:36,ID2938,POS Transaction,4445011103911 CARLS JR 7159         TUALATIN     ORUS,POS Transaction 4445011103911 CARLS JR 7159         TUALATIN     ORUS,,-7.38,,1661.53,10/30/2014 0:00,
10/31/2014 22:29,ID2939,POS Transaction,335030650881 TACO BELL #3163        TUALATIN     ORUS,POS Transaction 335030650881 TACO BELL #3163        TUALATIN     ORUS,,-13.94,,1647.59,10/31/2014 0:00,
11/1/2014 1:46,ID2940,Credit Dividend,,Credit Dividend ,,0.08,,1647.67,10/31/2014 0:00,
11/2/2014 18:51,ID2941,POS Transaction,8788430090855 HAYDENS LAKEFRONT GRIL TUALATIN     ORUS,POS Transaction 8788430090855 HAYDENS LAKEFRONT GRIL TUALATIN     ORUS,,-30.5,,1617.17,11/3/2014 0:00,
11/4/2014 18:29,ID2942,POS Transaction,34579062688 PCC SYLVANIA DINING    PORTLAND     ORUS,POS Transaction 34579062688 PCC SYLVANIA DINING    PORTLAND     ORUS,,-6.2,,1610.97,11/5/2014 0:00,
11/6/2014 1:18,ID2943,POS Transaction,221039687993 THE MENS WEARHOUSE #266TIGARD       ORUS,POS Transaction 221039687993 THE MENS WEARHOUSE #266TIGARD       ORUS,,-124.98,,1485.99,11/6/2014 0:00,
11/7/2014 3:42,ID2944,POS Transaction,221039687993 THE MENS WEARHOUSE #266TIGARD       ORUS,POS Transaction 221039687993 THE MENS WEARHOUSE #266TIGARD       ORUS,,-256.98,,1229.01,11/7/2014 0:00,
11/7/2014 22:17,ID2945,POS Transaction,4445001404608 FRED-MEYER #0393       TUALATIN     ORUS,POS Transaction 4445001404608 FRED-MEYER #0393       TUALATIN     ORUS,,-45.07,,1183.94,11/8/2014 0:00,
11/10/2014 16:54,ID2946,POS Transaction,542929804217024 GUSTAVS PUB  GRI     PORTLAND     ORUS,POS Transaction 542929804217024 GUSTAVS PUB  GRI     PORTLAND     ORUS,,-91.56,,1092.38,11/11/2014 0:00,
11/10/2014 21:58,ID2947,POS Transaction,4445001404608 FRED-MEYER #0393       TUALATIN     ORUS,POS Transaction 4445001404608 FRED-MEYER #0393       TUALATIN     ORUS,,-9.77,,1082.61,11/11/2014 0:00,
11/12/2014 20:17,ID2948,POS Transaction,6136090005NSZ1 NEW SEASONS MARKET     PORTLAND     ORUS,POS Transaction 6136090005NSZ1 NEW SEASONS MARKET     PORTLAND     ORUS,,-10.28,,1072.33,11/13/2014 0:00,
11/13/2014 10:44,ID2949,POS Transaction,4445011103911 CARLS JR 7159         TUALATIN     ORUS,POS Transaction 4445011103911 CARLS JR 7159         TUALATIN     ORUS,,-10.39,,1061.94,11/13/2014 0:00,
11/18/2014 21:58,ID2950,POS Transaction,4445001404608 FRED-MEYER #0393       TUALATIN     ORUS,POS Transaction 4445001404608 FRED-MEYER #0393       TUALATIN     ORUS,,-51.56,,1010.38,11/19/2014 0:00,
11/19/2014 0:29,ID2951,POS Transaction,650000006643467 INONE VENDING 2        HUNT VALLEY  MDUS,POS Transaction 650000006643467 INONE VENDING 2        HUNT VALLEY  MDUS,,-1.4,,1008.98,11/19/2014 0:00,
11/20/2014 23:50,ID2952,POS Transaction,34579062688 PCC SYLVANIA DINING    PORTLAND     ORUS,POS Transaction 34579062688 PCC SYLVANIA DINING    PORTLAND     ORUS,,-4.95,,1004.03,11/21/2014 0:00,
11/21/2014 19:52,ID2953,POS Transaction,530960670100155 SUSHI HANA             TIGARD       ORUS,POS Transaction 530960670100155 SUSHI HANA             TIGARD       ORUS,,-13.1,,990.93,11/22/2014 0:00,
11/24/2014 3:39,ID2954,ACH Deposit,PAYPAL TRANSFER - TRANSFER,ACH Deposit PAYPAL TRANSFER - TRANSFER,,20,,1010.93,11/24/2014 0:00,
11/24/2014 10:56,ID2955,POS Transaction,24500000031369 SAFEWAY STORE 00031369 PORTLAND     ORUS,POS Transaction 24500000031369 SAFEWAY STORE 00031369 PORTLAND     ORUS,,-2.85,,1008.08,11/24/2014 0:00,
11/25/2014 22:00,ID2956,POS Transaction,4445001404608 FRED-MEYER #0393       TUALATIN     ORUS,POS Transaction 4445001404608 FRED-MEYER #0393       TUALATIN     ORUS,,-22.1,,985.98,11/26/2014 0:00,
11/26/2014 18:49,ID2957,POS Transaction,542929805464419 STEAMGAMES.COM         425-952-2985 WAUS,POS Transaction 542929805464419 STEAMGAMES.COM         425-952-2985 WAUS,,-1.49,,984.49,11/27/2014 0:00,
11/29/2014 18:14,ID2958,POS Transaction,542929805472313 STEAMGAMES.COM         425-952-2985 WAUS,POS Transaction 542929805472313 STEAMGAMES.COM         425-952-2985 WAUS,,-6.64,,977.85,11/30/2014 0:00,
11/30/2014 20:31,ID2959,Credit Dividend,,Credit Dividend ,,1.5,,979.35,11/30/2014 0:00,
12/2/2014 21:48,ID2960,POS Transaction,4445001404608 FRED-MEYER #0393       TUALATIN     ORUS,POS Transaction 4445001404608 FRED-MEYER #0393       TUALATIN     ORUS,,-24.05,,955.3,12/3/2014 0:00,
12/4/2014 3:59,ID2961,POS Transaction,221039687993 THE MENS WEARHOUSE #266TIGARD       ORUS,POS Transaction 221039687993 THE MENS WEARHOUSE #266TIGARD       ORUS,,-40,,915.3,12/4/2014 0:00,
12/4/2014 5:06,ID2962,POS Transaction,345600205883 CHIPOTLE 1015          TUALATIN     ORUS,POS Transaction 345600205883 CHIPOTLE 1015          TUALATIN     ORUS,,-6.7,,908.6,12/4/2014 0:00,
12/4/2014 7:34,ID2963,POS Transaction,10500000104596 STAPLES       00104596 TUALATIN     ORUS,POS Transaction 10500000104596 STAPLES       00104596 TUALATIN     ORUS,,-5.79,,902.81,12/4/2014 0:00,
12/10/2014 11:04,ID2964,POS Transaction,4445011103911 CARLS JR 7159         TUALATIN     ORUS,POS Transaction 4445011103911 CARLS JR 7159         TUALATIN     ORUS,,-26.64,,876.17,12/10/2014 0:00,
12/10/2014 11:40,ID2965,POS Transaction,335030650881 TACO BELL #3163        TUALATIN     ORUS,POS Transaction 335030650881 TACO BELL #3163        TUALATIN     ORUS,,-6.87,,869.3,12/10/2014 0:00,
12/12/2014 11:01,ID2966,POS Transaction,4445013785378 RENNERS GRILL         PORTLAND     ORUS,POS Transaction 4445013785378 RENNERS GRILL         PORTLAND     ORUS,,-26,,843.3,12/12/2014 0:00,
12/18/2014 15:38,ID2967,POS Transaction,AMAZON.COM             SEATTLE      WAUS,POS Transaction  AMAZON.COM             SEATTLE      WAUS,,-88.27,,755.03,12/19/2014 0:00,
12/21/2014 8:36,ID2968,POS Transaction,17-8026743552 HAERIM RESTAURANT      BEAVERTON    ORUS,POS Transaction 17-8026743552 HAERIM RESTAURANT      BEAVERTON    ORUS,,-21,,734.03,12/21/2014 0:00,
12/21/2014 19:23,ID2969,POS Transaction,174030076999 PAYPAL *STEAM GAMES    425-889-9642 WAUS,POS Transaction 174030076999 PAYPAL *STEAM GAMES    425-889-9642 WAUS,,-1.94,,732.09,12/22/2014 0:00,
12/29/2014 6:16,ID2970,POS Transaction,AMAZON.COM             SEATTLE      WAUS,POS Transaction  AMAZON.COM             SEATTLE      WAUS,,-64.85,,667.24,12/29/2014 0:00,
12/29/2014 7:13,ID2971,POS Transaction,4445001404608 FRED-MEYER #0393       TUALATIN     ORUS,POS Transaction 4445001404608 FRED-MEYER #0393       TUALATIN     ORUS,,-19.34,,647.9,12/29/2014 0:00,
12/30/2014 7:31,ID2972,POS Transaction,444500140379 FRED-MEYER #0040       PORTLAND     ORUS,POS Transaction 444500140379 FRED-MEYER #0040       PORTLAND     ORUS,,-16.17,,631.73,12/30/2014 0:00,
12/31/2014 21:59,ID2973,Credit Dividend,,Credit Dividend ,,0.03,,631.76,12/31/2014 0:00,
12/31/2014 23:12,ID2974,POS Transaction,376258846991 JERSEY MIKES SUBS 3200TUALATIN     ORUS,POS Transaction 376258846991 JERSEY MIKES SUBS 3200TUALATIN     ORUS,,-11.55,,620.21,1/1/2015 0:00,
1/5/2015 19:43,ID2975,POS Transaction,422369410013763 HOLLYWOOD THEATRE TSYS 503-4931128  ORUS,POS Transaction 422369410013763 HOLLYWOOD THEATRE TSYS 503-4931128  ORUS,,-9,,611.21,1/6/2015 0:00,
1/11/2015 18:44,ID2976,POS Transaction,323238284992 SUNSET LANES RESTAURANTBEAVERTON    ORUS,POS Transaction 323238284992 SUNSET LANES RESTAURANTBEAVERTON    ORUS,,-15,,596.21,1/12/2015 0:00,
1/12/2015 10:44,ID2977,POS Transaction,210319 CHEVRON 00210319       TUALATIN     ORUS,POS Transaction 210319 CHEVRON 00210319       TUALATIN     ORUS,,-20,,576.21,1/12/2015 0:00,
1/15/2015 11:12,ID2978,POS Transaction,335030650881 TACO BELL #3163        TUALATIN     ORUS,POS Transaction 335030650881 TACO BELL #3163        TUALATIN     ORUS,,-9.45,,566.76,1/15/2015 0:00,
1/17/2015 10:58,ID2979,POS Transaction,4445011103911 CARLS JR 7159         TUALATIN     ORUS,POS Transaction 4445011103911 CARLS JR 7159         TUALATIN     ORUS,,-11.77,,554.99,1/17/2015 0:00,
1/18/2015 8:52,ID2980,POS Transaction,934000000423343 GYRO HOUSE MEDITERRANEABEAVERTON    ORUS,POS Transaction 934000000423343 GYRO HOUSE MEDITERRANEABEAVERTON    ORUS,,-13.97,,541.02,1/18/2015 0:00,
1/22/2015 2:36,ID2981,POS Transaction,226003282994 TRADER JOES #149  QPS HILLSBORO    ORUS,POS Transaction 226003282994 TRADER JOES #149  QPS HILLSBORO    ORUS,,-12.67,,528.35,1/22/2015 0:00,
1/25/2015 2:18,ID2982,POS Transaction,174037600999 TRIMET TVM             PORTLAND     ORUS,POS Transaction 174037600999 TRIMET TVM             PORTLAND     ORUS,,-2.5,,525.85,1/25/2015 0:00,
1/25/2015 17:36,ID2983,POS Transaction,4800000501668 SWANK AND SWINE        PORTLAND     ORUS,POS Transaction 4800000501668 SWANK AND SWINE        PORTLAND     ORUS,,-33,,492.85,1/26/2015 0:00,
1/30/2015 16:44,ID2984,POS Transaction,650000006121373 SHARIS OF TANASBOURNE 1HILLSBORO    ORUS,POS Transaction 650000006121373 SHARIS OF TANASBOURNE 1HILLSBORO    ORUS,,-13,,479.85,1/31/2015 0:00,
1/31/2015 3:30,ID2985,POS Transaction,6289620001GOO1 TANASBOURNE GROCERY    BEAVERTON    ORUS,POS Transaction 6289620001GOO1 TANASBOURNE GROCERY    BEAVERTON    ORUS,,-24.88,,454.97,1/31/2015 0:00,
1/31/2015 21:53,ID2986,Credit Dividend,,Credit Dividend ,,0.02,,454.99,1/31/2015 0:00,
2/1/2015 2:15,ID2987,POS Transaction,174037600999 TRIMET TVM             PORTLAND     ORUS,POS Transaction 174037600999 TRIMET TVM             PORTLAND     ORUS,,-2.5,,452.49,2/1/2015 0:00,
2/4/2015 0:35,ID2988,POS Transaction,34579062688 PCC SYLVANIA DINING    PORTLAND     ORUS,POS Transaction 34579062688 PCC SYLVANIA DINING    PORTLAND     ORUS,,-6.45,,446.04,2/4/2015 0:00,
2/5/2015 5:30,ID2989,ACH Debit,PAYPAL INSTANT TRANSFER - INST XFER,ACH Debit PAYPAL INSTANT TRANSFER - INST XFER,,-2.44,,443.6,2/5/2015 0:00,
2/6/2015 18:35,ID2990,POS Transaction,WM SUPERCENTER # Wal-Mart Super Center  BEAVERTON    ORUS,POS Transaction WM SUPERCENTER # Wal-Mart Super Center  BEAVERTON    ORUS,,-10.9,,432.7,2/7/2015 0:00,
2/8/2015 1:42,ID2991,POS Transaction,6289620001GOO1 TANASBOURNE GROCERY    BEAVERTON    ORUS,POS Transaction 6289620001GOO1 TANASBOURNE GROCERY    BEAVERTON    ORUS,,-5.99,,426.71,2/8/2015 0:00,
2/8/2015 10:44,ID2992,POS Transaction,444500071733 LITTLE CAESARS 1593 159ALOHA        ORUS,POS Transaction 444500071733 LITTLE CAESARS 1593 159ALOHA        ORUS,,-8.99,,417.72,2/8/2015 0:00,
2/9/2015 17:39,ID2993,POS Transaction,84870051284422 TICKETLEAPTICKETS COM  877-8495327  PAUS,POS Transaction 84870051284422 TICKETLEAPTICKETS COM  877-8495327  PAUS,,-18.65,,399.07,2/10/2015 0:00,
2/9/2015 17:39,ID2994,POS Transaction,84870051284422 TICKETLEAPTICKETS COM  877-8495327  PAUS,POS Transaction 84870051284422 TICKETLEAPTICKETS COM  877-8495327  PAUS,,-18.65,,380.42,2/10/2015 0:00,
2/9/2015 17:53,ID2995,POS Transaction,84870051635327 THIRSTY LION TANASBOURNHILLSBORO    ORUS,POS Transaction 84870051635327 THIRSTY LION TANASBOURNHILLSBORO    ORUS,,-28.65,,351.77,2/10/2015 0:00,
2/10/2015 11:09,ID2996,POS Transaction,335030650881 TACO BELL #3163        TUALATIN     ORUS,POS Transaction 335030650881 TACO BELL #3163        TUALATIN     ORUS,,-8.64,,343.13,2/10/2015 0:00,
2/11/2015 20:05,ID2997,POS Transaction,542929803900612 HAGGEN FOOD AND PH     TUALATIN     ORUS,POS Transaction 542929803900612 HAGGEN FOOD AND PH     TUALATIN     ORUS,,-12.47,,330.66,2/12/2015 0:00,
2/12/2015 10:55,ID2998,POS Transaction,4445011103911 CARLS JR 7159         TUALATIN     ORUS,POS Transaction 4445011103911 CARLS JR 7159         TUALATIN     ORUS,,-9.68,,320.98,2/12/2015 0:00,
2/13/2015 14:04,ID2999,POS Transaction,WM SUPERCENTER # Wal-Mart Super Center  BEAVERTON    ORUS,POS Transaction WM SUPERCENTER # Wal-Mart Super Center  BEAVERTON    ORUS,,-18.29,,302.69,2/13/2015 0:00,
2/15/2015 2:04,ID3000,POS Transaction,345772885884 SWAGAT INDIAN CUISINE  BEAVERTON    ORUS,POS Transaction 345772885884 SWAGAT INDIAN CUISINE  BEAVERTON    ORUS,,-12,,290.69,2/15/2015 0:00,
2/15/2015 10:10,ID3001,POS Transaction,84870006619602 VS  TRIMET             503-962-2992 ORUS,POS Transaction 84870006619602 VS  TRIMET             503-962-2992 ORUS,,-5,,285.69,2/15/2015 0:00,
2/24/2015 18:33,ID3002,POS Transaction,34579062688 PCC SYLVANIA DINING    PORTLAND     ORUS,POS Transaction 34579062688 PCC SYLVANIA DINING    PORTLAND     ORUS,,-7.7,,277.99,2/25/2015 0:00,
2/24/2015 21:54,ID3003,POS Transaction,4445001404608 FRED-MEYER #0393       TUALATIN     ORUS,POS Transaction 4445001404608 FRED-MEYER #0393       TUALATIN     ORUS,,-13.68,,264.31,2/25/2015 0:00,
2/28/2015 20:56,ID3004,Credit Dividend,,Credit Dividend ,,0.41,,264.72,2/28/2015 0:00,
3/1/2015 9:51,ID3005,POS Transaction,84870006619602 VS  TRIMET             503-962-2992 ORUS,POS Transaction 84870006619602 VS  TRIMET             503-962-2992 ORUS,,-10,,254.72,3/1/2015 0:00,
3/2/2015 8:12,ID3006,POS Transaction,6289620001GOO1 TANASBOURNE GROCERY    BEAVERTON    ORUS,POS Transaction 6289620001GOO1 TANASBOURNE GROCERY    BEAVERTON    ORUS,,-3.37,,251.35,3/2/2015 0:00,
3/2/2015 17:32,ID3007,POS Transaction,84870051270423 THIRSTY LION PUB       PORTLAND     ORUS,POS Transaction 84870051270423 THIRSTY LION PUB       PORTLAND     ORUS,,-18.15,,233.2,3/3/2015 0:00,
3/5/2015 8:16,ID3008,POS Transaction,188097000103177 GOOGLE *Beloko Games   GOOGLE.COM/CHCAUS,POS Transaction 188097000103177 GOOGLE *Beloko Games   GOOGLE.COM/CHCAUS,,-2.25,,230.95,3/5/2015 0:00,
3/5/2015 11:01,ID3009,POS Transaction,4445011103911 CARLS JR 7159         TUALATIN     ORUS,POS Transaction 4445011103911 CARLS JR 7159         TUALATIN     ORUS,,-9.97,,220.98,3/5/2015 0:00,
3/6/2015 15:14,ID3010,Deposit,Shared Branch e-deposit               Palo Alto     CA,Deposit Shared Branch e-deposit               Palo Alto     CA,,50,,270.98,3/6/2015 0:00,
3/6/2015 15:20,ID3011,Deposit,Shared Branch e-deposit               Palo Alto     CA,Deposit Shared Branch e-deposit               Palo Alto     CA,,25,,295.98,3/6/2015 0:00,
3/6/2015 15:27,ID3012,Deposit,Shared Branch e-deposit               Palo Alto     CA,Deposit Shared Branch e-deposit               Palo Alto     CA,,20,,315.98,3/6/2015 0:00,
3/7/2015 21:41,ID3013,POS Transaction,Wal-Mart Super Center 5993 WAL-SAMS          BEAVERTON    OR,POS Transaction Wal-Mart Super Center 5993 WAL-SAMS          BEAVERTON    OR,,-8.98,,307,3/8/2015 0:00,
3/11/2015 12:30,ID3014,POS Transaction,36400000166009 TACO BELL 001600166009 TIGARD       ORUS,POS Transaction 36400000166009 TACO BELL 001600166009 TIGARD       ORUS,,-9.17,,297.83,3/11/2015 0:00,
3/16/2015 22:25,ID3015,Deposit,Shared Branch e-deposit               Palo Alto     CA,Deposit Shared Branch e-deposit               Palo Alto     CA,,25,,322.83,3/17/2015 0:00,
3/17/2015 10:23,ID3016,Descriptive Withdrawal,e deposit-stale dated-ck11113,Descriptive Withdrawal  e deposit-stale dated-ck11113,,-25,,297.83,3/17/2015 0:00,
3/22/2015 2:42,ID3017,POS Transaction,6289620001GOO1 TANASBOURNE GROCERY    BEAVERTON    ORUS,POS Transaction 6289620001GOO1 TANASBOURNE GROCERY    BEAVERTON    ORUS,,-14.3,,283.53,3/22/2015 0:00,
3/24/2015 4:57,ID3018,POS Transaction,6289620001GOO1 TANASBOURNE GROCERY    BEAVERTON    ORUS,POS Transaction 6289620001GOO1 TANASBOURNE GROCERY    BEAVERTON    ORUS,,-5.98,,277.55,3/24/2015 0:00,
3/24/2015 8:21,ID3019,POS Transaction,86800000042796 DOLRTREE 4279 00042796 HILLSBORO    ORUS,POS Transaction 86800000042796 DOLRTREE 4279 00042796 HILLSBORO    ORUS,,-2,,275.55,3/24/2015 0:00,
3/24/2015 17:12,ID3020,POS Transaction,650000007842076 ELEPHANTS IN THE PARK  PORTLAND     ORUS,POS Transaction 650000007842076 ELEPHANTS IN THE PARK  PORTLAND     ORUS,,-11,,264.55,3/25/2015 0:00,
3/29/2015 15:58,ID3021,POS Transaction,546458101224424 ROCK CREEK TAVERN      HILLSBORO    ORUS,POS Transaction 546458101224424 ROCK CREEK TAVERN      HILLSBORO    ORUS,,-15.8,,248.75,3/30/2015 0:00,
3/30/2015 18:26,ID3022,POS Transaction,34579062688 PCC SYLVANIA DINING    PORTLAND     ORUS,POS Transaction 34579062688 PCC SYLVANIA DINING    PORTLAND     ORUS,,-6.2,,242.55,3/31/2015 0:00,
3/31/2015 3:02,ID3023,POS Transaction,21-8015393427 USA*Canteen Vending    Portland     ORUS,POS Transaction 21-8015393427 USA*Canteen Vending    Portland     ORUS,,-1.5,,241.05,3/31/2015 0:00,
3/31/2015 3:02,ID3024,POS Transaction,21-8015393427 USA*Canteen Vending    Portland     ORUS,POS Transaction 21-8015393427 USA*Canteen Vending    Portland     ORUS,,-1.75,,239.3,3/31/2015 0:00,
3/31/2015 8:24,ID3025,POS Transaction,19-80207046 COCA COLA WILSONVILLE OWILSONVILLE  ORUS,POS Transaction 19-80207046 COCA COLA WILSONVILLE OWILSONVILLE  ORUS,,-1.5,,237.8,3/31/2015 0:00,
3/31/2015 22:19,ID3026,Credit Dividend,,Credit Dividend ,,0.01,,237.81,3/31/2015 0:00,
4/7/2015 16:54,ID3027,POS Transaction,650000006123783 SHARIS OF TUALATIN 242 TUALATIN     ORUS,POS Transaction 650000006123783 SHARIS OF TUALATIN 242 TUALATIN     ORUS,,-18.88,,218.93,4/8/2015 0:00,
4/9/2015 3:23,ID3028,POS Transaction,6213880590ANW1 ALBERTSONS #590        HILLSBORO    ORUS,POS Transaction 6213880590ANW1 ALBERTSONS #590        HILLSBORO    ORUS,,-14.33,,204.6,4/9/2015 0:00,
4/12/2015 2:44,ID3029,POS Transaction,6289620001GOO1 TANASBOURNE GROCERY    BEAVERTON    ORUS,POS Transaction 6289620001GOO1 TANASBOURNE GROCERY    BEAVERTON    ORUS,,-5.36,,199.24,4/12/2015 0:00,
4/12/2015 13:17,ID3030,POS Transaction,36400000166009 TACO BELL 001600166009 TIGARD       ORUS,POS Transaction 36400000166009 TACO BELL 001600166009 TIGARD       ORUS,,-12.83,,186.41,4/12/2015 0:00,
4/14/2015 2:54,ID3031,POS Transaction,21-8015393427 USA*Canteen Vending    Portland     ORUS,POS Transaction 21-8015393427 USA*Canteen Vending    Portland     ORUS,,-3,,183.41,4/14/2015 0:00,
4/15/2015 18:10,ID3032,POS Transaction,650000006123783 SHARIS OF TUALATIN 242 TUALATIN     ORUS,POS Transaction 650000006123783 SHARIS OF TUALATIN 242 TUALATIN     ORUS,,-12.59,,170.82,4/16/2015 0:00,
4/16/2015 3:06,ID3033,POS Transaction,345220858889 THAI APSARA LLC`       BEAVERTON    ORUS,POS Transaction 345220858889 THAI APSARA LLC`       BEAVERTON    ORUS,,-19,,151.82,4/16/2015 0:00,
4/19/2015 12:41,ID3034,POS Transaction,4445011104059 CARLS JR 8104         TIGARD       ORUS,POS Transaction 4445011104059 CARLS JR 8104         TIGARD       ORUS,,-7.78,,144.04,4/19/2015 0:00,
4/21/2015 6:04,ID3035,POS Transaction,21-8015393427 USA*Canteen Vending    Portland     ORUS,POS Transaction 21-8015393427 USA*Canteen Vending    Portland     ORUS,,-3.25,,140.79,4/21/2015 0:00,
4/24/2015 21:37,ID3036,POS Transaction,4445001404608 FRED-MEYER #0393       TUALATIN     ORUS,POS Transaction 4445001404608 FRED-MEYER #0393       TUALATIN     ORUS,,-20.17,,120.62,4/25/2015 0:00,
4/28/2015 2:19,ID3037,POS Transaction,21-8015393427 USA*Canteen Vending    Portland     ORUS,POS Transaction 21-8015393427 USA*Canteen Vending    Portland     ORUS,,-1.5,,119.12,4/28/2015 0:00,
4/30/2015 22:38,ID3038,Credit Dividend,,Credit Dividend ,,0.01,,119.13,4/30/2015 0:00,
5/6/2015 9:47,ID3039,POS Transaction,535378901168399 BAJA FRESH TIGARD      TIGARD       ORUS,POS Transaction 535378901168399 BAJA FRESH TIGARD      TIGARD       ORUS,,-7.05,,112.08,5/6/2015 0:00,
5/8/2015 1:07,ID3040,POS Transaction,4445900005935 WM SUPERCENTER #5935   TIGARD       ORUS,POS Transaction 4445900005935 WM SUPERCENTER #5935   TIGARD       ORUS,,-9.96,,102.12,5/8/2015 0:00,
5/8/2015 9:06,ID3041,POS Transaction,25500003070208 SUBWAY        03070208 TIGARD       ORUS,POS Transaction 25500003070208 SUBWAY        03070208 TIGARD       ORUS,,-5.5,,96.62,5/8/2015 0:00,
5/18/2015 3:58,ID3042,ACH Deposit,PAYPAL TRANSFER - TRANSFER,ACH Deposit PAYPAL TRANSFER - TRANSFER,,10.87,,107.49,5/18/2015 0:00,
5/19/2015 10:53,ID3043,POS Transaction,4445197793869 WENDYS 1521           PORTLAND     ORUS,POS Transaction 4445197793869 WENDYS 1521           PORTLAND     ORUS,,-9.08,,98.41,5/19/2015 0:00,
5/21/2015 3:07,ID3044,POS Transaction,19-80207046 COCA COLA WILSONVILLE OWILSONVILLE  ORUS,POS Transaction 19-80207046 COCA COLA WILSONVILLE OWILSONVILLE  ORUS,,-1.5,,96.91,5/21/2015 0:00,
